=LDR  02684aam a2200613 a 4500
=001  013278878
=003  Uk
=005  20060309214616.0
=008  050825s2006\\\\dcua\\\\\b\\\\001\0\eng\\
=010  \\$a  2005024875
=015  \\$aGBA571119$2bnb
=016  7\$a013278878$2Uk
=020  \\$a0309096316 (cased) :$c£26.99
=040  \\$aStDuBDS$beng$cStDuBDS$dUk
=042  \\$aukblsr
=043  \\$an-us---
=050  00$aRJ34$b.I57 2006
=082  00$a362.19892$222
=110  2\$aInstitute of Medicine (U.S.).$bCommittee on Postmarket Surveillance of Pediatric Medical Devices.
=245  10$aSafe medical devices for children /$cCommittee on Postmarket Surveillance of Pediatric Medical Devices, Board on Health Sciences Policy ; Marilyn J. Field and Hugh Tilson, editors ; Institute of Medicine of the National Academies.
=260  \\$aWashington, D.C. :$bNational Academies Press;$aOxford :$bOxford Publicity Partnership [distributor],$c2006.
=300  \\$axxi, 457 p. :$bill. ;$c24 cm.
=336  \\$atext$2rdacontent
=337  \\$aunmediated$2rdamedia
=338  \\$avolume$2rdacarrier
=500  \\$aFormerly CIP.$5Uk
=500  \\$a"This study was supported by Contract No. 223-01-2460, Task Order No. 11 between the National Academy of Sciences and the U.S. Food and Drug Administration."
=504  \\$aIncludes bibliographical references and index.
=538  \\$aSystem requirements: Adobe Acrobat Reader.
=650  \0$aPediatrics$xEquipment and supplies$xStandards$zUnited States.
=650  \0$aPediatrics$zUnited States$xEquipment and supplies$xEvaluation.
=650  12$aProduct Surveillance, Postmarketing$xstandards$zUnited States.
=650  22$aChild$zUnited States.
=650  22$aEquipment Safety$xstandards$zUnited States.
=650  22$aEquipment and Supplies$xstandards$zUnited States.
=690  7\$aSocial Welfare$2blcoll
=700  1\$aField, Marilyn J.$q(Marilyn Jane)
=700  1\$aTilson, Hugh Hanna.
=852  41$aBritish Library$bDSC$jm08/.37353
=852  11$aBritish Library$bSTI$k(B)$h618.92000284
=856  41$uhttp://www.nap.edu/books/0309096316/html/
=856  41$3Table of contents$uhttp://www.loc.gov/catdir/toc/ecip0518/2005024875.html
=BUF  \\$aN$d20060228
=CAT  \\$aBATCH-CIP$b00$c20050823$lBLL01$h1701
=CAT  \\$c20050823$lBLL01$h1704
=CAT  \\$c20050823$lBLL01$h1724
=CAT  \\$a11168$b40$c20060228$lBLL01$h1315
=CAT  \\$aBATCH-BUOC$b00$c20060309$lBLL01$h2146
=CAT  \\$aBATCH$b00$c20110625$lBLL01$h0515
=CAT  \\$aBATCH-SWP4$c20110627$lBLL01$h1558
=CAT  \\$aWR16_021$c20160611$lBLL01$h2015
=FIN  \\$aY$d20060228
=FMT  \\$a  BK
=LAS  \\$aWR16_021$b00$c20160611$lBLL01$h2015

