=LDR  01838pam a2200445 a 4500
=001  013340378
=003  Uk
=005  20060821094559.0
=008  060501s2005\\\\dcua\\\\\b\\\\000\0\eng\d
=010  \\$a2005929740
=020  \\$a0309096596 (pbk.) :$cNo price
=035  \\$a(OCoLC)ocm61661060
=040  \\$aCaONFJC$beng$cCaONFJC$dUk
=042  \\$aukblsr
=082  04$a551.6$222
=245  00$aThinking strategically :$bthe appropriate use of metrics for the climate change science program /$cCommittee on Metrics for Global Change Research, Climate Research Committee, Board on Atmospheric Sciences and Climate, Division on Earth and Life Studies.
=246  30$aAppropriate use of metrics for the climate change science program
=260  \\$aWashington, D.C. :$bNational Academies Press,$cc2005.
=300  \\$axii, 150 p. :$bill. ;$c24 cm.
=336  \\$atext$2rdacontent
=337  \\$aunmediated$2rdamedia
=338  \\$avolume$2rdacarrier
=504  \\$aIncludes bibliographical references.
=530  \\$aAlso available on the Internet. Viewed: 09/19/2005.
=650  \0$aClimatic changes.
=710  2\$aNational Research Council (U.S.).$bCommittee on Metrics for Global Change Research.
=852  41$aBritish Library$bDSC$jm05/.40683
=852  11$aBritish Library$bSTI$k(B)$h551.6
=856  41$3Table of contents only$uhttp://www.loc.gov/catdir/toc/fy0609/2005929740.html
=856  41$uhttp://www.nap.edu/books/0309096596/html/index.html
=CAT  \\$aBATCH-APP$b00$c20051118$lBLL01$h1512
=CAT  \\$c20051118$lBLL01$h1512
=CAT  \\$c20051118$lBLL01$h1514
=CAT  \\$a9666$b40$c20051215$lBLL01$h0918
=CAT  \\$a10896$b40$c20060821$lBLL01$h0945
=CAT  \\$aBATCH-UPD$b40$c20090902$lBLL01$h2124
=FIN  \\$aY$d20051215
=FMT  \\$a  BK
=LAS  \\$aBATCH-UPD$b40$c20090902$lBLL01$h2124
=SID  \\$aZ39$bLOC

