=LDR  02757aam a2200589 a 4500
=001  013589667
=003  Uk
=005  20070705213716.0
=008  060920s2007\\\\dcua\\\\\b\\\\001\0\eng\\
=010  \\$a  2006030795
=015  \\$aGBA691883$2bnb
=016  7\$a013589667$2Uk
=020  \\$a9780309102124 (hbk.) :$c£57.00
=020  \\$a030910212X (hbk.) :$c£57.00
=020  \\$a9780309660969 (pdf) :$cNo price
=020  \\$a0309660963 (pdf) :$cNo price
=040  \\$aStDuBDS$beng$cStDuBDS$dUk
=042  \\$aukblsr
=050  00$aSF285.5$b.N37 2007
=082  00$a636.10852$222
=245  00$aNutrient requirements of horses /$cCommittee on Nutrient Requirements of Horses, Board on Agriculture and Natural Resources, Division on Earth and Life Studies, National Research Council of the National Academies.
=250  \\$a6th rev. ed.
=260  \\$aWashington, D.C. :$bNational Academies ;$aTowcester :$bOxford Publicity Partnership [distributor],$cc2007.
=300  \\$axv, 341 p. :$bill. ;$c29 cm.
=336  \\$atext$2rdacontent
=337  \\$aunmediated$2rdamedia
=338  \\$avolume$2rdacarrier
=490  1\$aAnimal nutrition series
=500  \\$aFormerly CIP.$5Uk
=504  \\$aIncludes bibliographical references and index.
=505  0\$aEnergy -- Carbohydrates -- Fats and fatty acids -- Proteins and amino acids -- Minerals -- Vitamins -- Water and water quality -- Feeds and feed processing -- Feed additives -- Feed analysis -- Feeding behavior and general considerations for feeding management -- Unique aspects of equine nutrition -- Donkeys and other equids -- Ration formulation and evaluation -- Computer model to estimate requirements -- Tables -- Appendixes.
=650  \0$aHorses$xNutrition$xRequirements.
=650  \0$aHorses$xFeeding and feeds.
=710  2\$aNational Research Council (U.S.).$bCommittee on Nutrient Requirements of Horses.
=830  \0$aAnimal nutrition series (Washington, D.C.)
=852  11$aBritish Library$bSTI$k(B)$h636.10852
=852  41$aBritish Library$bDSC$jm07/.27672
=856  41$uhttp://www.nap.edu/catalog/11653.html
=856  41$3Table of contents only$uhttp://www.loc.gov/catdir/toc/ecip071/2006030795.html
=BUF  \\$aN$d20070601
=CAT  \\$aBATCH-CIP$b00$c20061031$lBLL01$h1701
=CAT  \\$aBATCH$b00$c20061031$lBLL01$h1702
=CAT  \\$aBATCH$b00$c20061031$lBLL01$h1707
=CAT  \\$aBATCH-UPD$b00$c20061031$lBLL01$h1749
=CAT  \\$a12664$b40$c20070601$lBLL01$h1142
=CAT  \\$aBATCH-BUOC$b00$c20070705$lBLL01$h2137
=CAT  \\$aBATCH-UPD$b00$c20070705$lBLL01$h2154
=CAT  \\$aWR16_021$c20160616$lBLL01$h1807
=CAT  \\$aBATCH-UPD$b00$c20160616$lBLL01$h1841
=FIN  \\$aY$d20070601
=FMT  \\$a  BK
=LAS  \\$aBATCH-UPD$b00$c20160616$lBLL01$h1841

