=LDR  02675aam a2200649 a 4500
=001  013624057
=003  Uk
=005  20070705213718.0
=008  070122s2007\\\\dcua\\\\\b\\\\001\0\eng\\
=010  \\$a  2007002800
=015  \\$aGBA6A3876$2bnb
=016  7\$a013624057$2Uk
=020  \\$a9780309101714 (hbk.) :$c£26.99
=020  \\$a0309101719 (hbk.) :$c£26.99
=040  \\$aStDuBDS$beng$cStDuBDS$dUk
=042  \\$aukblsr
=050  00$aRJ370$b.E4174 2007
=082  00$a618.920025$222
=245  00$aEmergency care for children :$bgrowing pains /$cCommittee on the Future of Emergency Care in the United States Health System, Board on Health Care Services, Insititute of Medicine of the National Academies.
=260  \\$aWashington, D.C. :$bJoseph Henry ;$aTowcester :$bOxford Publicity Partnership [distributor],$c2007.
=300  \\$axxii, 338 p. :$bill. ;$c24 cm.
=336  \\$atext$2rdacontent
=337  \\$aunmediated$2rdamedia
=338  \\$avolume$2rdacarrier
=490  1\$aFuture of emergency care
=500  \\$aFormerly CIP.$5Uk
=504  \\$aIncludes bibliographical references and index.
=650  \0$aPediatric emergencies.
=650  \0$aPediatric intensive care.
=650  \0$aChildren$xWounds and injuries$xTreatment.
=650  \0$aEmergency medical services.
=650  12$aEmergency Medical Services$xorganization & administration$zUnited States.
=650  22$aChild$zUnited States.
=650  22$aChild Health Services$xorganization & administration$zUnited States.
=650  22$aInfant$zUnited States.
=710  2\$aInstitute of Medicine (U.S.).$bCommittee on the Future of Emergency Care in the United States Health System.
=830  \0$aFuture of emergency care.
=852  11$aBritish Library$bSTI$k(B)$h618.920025
=852  41$aBritish Library$bDSC$jm07/.24672
=856  41$uhttp://www.nap.edu/catalog/11655.html
=856  41$3Table of contents only$uhttp://www.loc.gov/catdir/toc/ecip079/2007002800.html
=BUF  \\$aN$d20070612
=CAT  \\$aBATCH-CIP$b00$c20061212$lBLL01$h1701
=CAT  \\$aBATCH$b00$c20061212$lBLL01$h1702
=CAT  \\$aBATCH$b00$c20061212$lBLL01$h1707
=CAT  \\$aBATCH$b00$c20070531$lBLL01$h0858
=CAT  \\$aBATCH$b00$c20070531$lBLL01$h0900
=CAT  \\$a10904$b40$c20070612$lBLL01$h1111
=CAT  \\$aBATCH-BUOC$b00$c20070705$lBLL01$h2137
=CAT  \\$aBATCH-UPD$b00$c20070705$lBLL01$h2214
=CAT  \\$aBATCH$b00$c20091217$lBLL01$h0441
=CAT  \\$aBATCH$b00$c20100103$lBLL01$h1234
=CAT  \\$aWR16_021$c20160616$lBLL01$h1813
=CAT  \\$aBATCH-UPD$b00$c20160616$lBLL01$h1930
=FIN  \\$aY$d20070612
=FMT  \\$a  BK
=LAS  \\$aBATCH-UPD$b00$c20160616$lBLL01$h1930

