=LDR  02540aam a2200637 a 4500
=001  013673164
=003  Uk
=005  20070705213720.0
=008  070103s2007\\\\dcua\\\\\b\\\\001\0\eng\\
=010  \\$a  2007000079
=015  \\$aGBA712782$2bnb
=016  7\$a013673164$2Uk
=020  \\$a9780309101738 (hbk.) :$c£25.99
=020  \\$a0309101735 (hbk.) :$c£25.99
=040  \\$aStDuBDS$beng$cStDuBDS$dUk
=042  \\$aukblsr
=050  00$aRA975.5.E5$bH64 2007
=082  00$a362.11$222
=245  00$aHospital-based emergency care :$bat the breaking point /$cCommittee on the Future of Emergency Care in the United States Health System, Board on Health Care Services.
=260  \\$aWashington, D.C. :$bNational Academies ;$aTowcester :$bOxford Publicity Partnership [distributor],$c2007.
=300  \\$axxiii, 397 p. :$bill. ;$c24 cm.
=336  \\$atext$2rdacontent
=337  \\$aunmediated$2rdamedia
=338  \\$avolume$2rdacarrier
=490  1\$aFuture of emergency care
=500  \\$aFormerly CIP.$5Uk
=504  \\$aIncludes bibliographical references and index.
=650  \0$aHospitals$xEmergency services.
=650  \0$aEmergency medical services.
=650  12$aEmergency Service, Hospital$zUnited States.
=650  22$aHealth Care Reform$zUnited States.
=690  7\$aSocial Welfare$2blcoll
=710  2\$aInstitute of Medicine (U.S.).$bCommittee on the Future of Emergency Care in the United States Health System.
=830  \0$aFuture of emergency care.
=852  11$aBritish Library$bSTI$k(B)$h362.11
=852  41$aBritish Library$bDSC$jm07/.23991
=856  41$uhttp://www.nap.edu/catalog/11621.html
=856  41$3Table of contents only$uhttp://www.loc.gov/catdir/toc/ecip077/2007000079.html
=BUF  \\$aN$d20070605
=CAT  \\$aBATCH-CIP$b00$c20070213$lBLL01$h1701
=CAT  \\$aBATCH$b00$c20070213$lBLL01$h1703
=CAT  \\$aBATCH$b00$c20070213$lBLL01$h1709
=CAT  \\$aBATCH$b00$c20070524$lBLL01$h1309
=CAT  \\$aBATCH$b00$c20070524$lBLL01$h1311
=CAT  \\$a8440$b40$c20070605$lBLL01$h1052
=CAT  \\$aBATCH-BUOC$b00$c20070705$lBLL01$h2137
=CAT  \\$aBATCH-UPD$b00$c20070705$lBLL01$h2159
=CAT  \\$aBATCH$b00$c20091217$lBLL01$h0446
=CAT  \\$aBATCH$b00$c20100103$lBLL01$h1240
=CAT  \\$aBATCH$b00$c20110625$lBLL01$h0526
=CAT  \\$aBATCH-SWP4$c20110627$lBLL01$h1609
=CAT  \\$aWR16_021$c20160617$lBLL01$h1809
=CAT  \\$aBATCH-UPD$b00$c20160617$lBLL01$h1852
=FIN  \\$aY$d20070605
=FMT  \\$a  BK
=LAS  \\$aBATCH-UPD$b00$c20160617$lBLL01$h1852

