=LDR  02861aam a2200649 a 4500
=001  013673165
=003  Uk
=005  20080228215049.0
=008  070122s2007\\\\dcua\\\\\b\\\\001\0\eng\\
=010  \\$a  2007002810
=015  \\$aGBA712783$2bnb
=016  7\$a013673165$2Uk
=020  \\$a9780309101745 (hbk.) :$c£23.99
=020  \\$a0309101743 (hbk.) :$c£23.99
=040  \\$aStDuBDS$beng$cStDuBDS$dUk
=042  \\$aukblsr
=050  00$aRA645.5$b.E473 2007
=082  00$a362.18$222
=245  00$aEmergency medical services at the crossroads /$cCommittee on the Future of Emergency Care in the United States Health System, Board on Health Care Services, Institute of Medicine of the National Academies.
=260  \\$aWashington, D.C. :$bNational Academies ;$aTowcester :$bOxford Publicity Partnership [distributor],$c2007.
=300  \\$axxii, 285 p. :$bill. ;$c24 cm.
=336  \\$atext$2rdacontent
=337  \\$aunmediated$2rdamedia
=338  \\$avolume$2rdacarrier
=490  1\$aFuture of emergency care
=500  \\$aFormerly CIP.$5Uk
=504  \\$aIncludes bibliographical references and index.
=505  0\$aIntroduction -- History and current state of EMS -- Building a 21st-century emergency and trauma care system -- Supporting a high-quality EMS workforce -- Advancing system infrastructure -- Preparing for disasters -- Optimizing prehospital care through research.
=650  \0$aEmergency medical services.
=650  \0$aDisaster medicine.
=650  12$aEmergency Medical Services$zUnited States.
=650  22$aEmergency Medical Services$xtrends$zUnited States.
=650  22$aEmergency Treatment$zUnited States.
=650  22$aHealth Care Reform$zUnited States.
=690  7\$aSocial Welfare$2blcoll
=710  2\$aInstitute of Medicine (U.S.).$bCommittee on the Future of Emergency Care in the United States Health System.
=830  \0$aFuture of emergency care.
=852  41$aBritish Library$bDSC$jm08/.28424
=852  11$aBritish Library$bSTI$k(B)$h362.18
=856  41$uhttp://www.nap.edu/catalog/11629.html
=856  41$3Table of contents only$uhttp://www.loc.gov/catdir/toc/ecip079/2007002810.html
=BUF  \\$aN$d20080117
=CAT  \\$aBATCH-CIP$b00$c20070213$lBLL01$h1701
=CAT  \\$aBATCH$b00$c20070213$lBLL01$h1703
=CAT  \\$aBATCH$b00$c20070213$lBLL01$h1709
=CAT  \\$a11029$b40$c20080117$lBLL01$h0853
=CAT  \\$a11029$b40$c20080117$lBLL01$h0855
=CAT  \\$aBATCH-BUOC$b00$c20080228$lBLL01$h2150
=CAT  \\$aBATCH$b00$c20091217$lBLL01$h0446
=CAT  \\$aBATCH$b00$c20100103$lBLL01$h1240
=CAT  \\$aBATCH$b00$c20110625$lBLL01$h0526
=CAT  \\$aBATCH-SWP4$c20110627$lBLL01$h1609
=CAT  \\$aWR16_021$c20160617$lBLL01$h1809
=CAT  \\$aBATCH-UPD$b00$c20160617$lBLL01$h1852
=FIN  \\$aY$d20080117
=FMT  \\$a  BK
=LAS  \\$aBATCH-UPD$b00$c20160617$lBLL01$h1852

