=LDR  02315aam a2200553 a 4500
=001  013267491
=003  Uk
=005  20071119125652.0
=008  050802s2005\\\\dcua\\\\\b\\\\000\0\eng\\
=010  \\$a2005024164  
=015  \\$aGBA794186$2bnb
=016  7\$a013267491$2Uk
=020  \\$a9780309095846 (pbk.) :$cNo price
=020  \\$a0309095840 (pbk.) :$cNo price
=020  \\$a030954856X (pdf) :$cNo price
=040  \\$aAZS$cAZS$dUk
=042  \\$aukblsr
=050  \4$aQH323.5$b.M376 2005
=082  04$a570.151$222
=245  00$aMathematics and 21st century biology /$cCommittee on Mathematical Sciences Research for DOE's Computational Biology [and] Board on Mathematical Sciences and Their Applications [and] Division on Engineering and Physical Sciences, National Research Council of the National Academies.
=246  3\$aMathematics and twenty-first century biology
=260  \\$aWashington, D.C. :$bNational Academies Press,$cc2005.
=300  \\$axi, 149 p. :$bill. ;$c23 cm.
=336  \\$atext$2rdacontent
=337  \\$aunmediated$2rdamedia
=338  \\$avolume$2rdacarrier
=504  \\$aIncludes bibliographical references.
=530  \\$aAlso available via the Internet.
=650  \0$aBiomathematics.
=650  \0$aBiology$xMathematical models.
=710  2\$aNational Research Council (U.S.).$bCommittee on Mathematical Sciences Research for DOE's Computational Biology.
=710  2\$aNational Research Council (U.S.).$bBoard on Mathematical Sciences and Their Applications.
=710  2\$aNational Research Council (U.S.).$bDivision on Engineering and Physical Sciences.
=852  11$aBritish Library$bSTI$k(B)$h570.151
=852  41$aBritish Library$bDSC$jm05/.31266
=856  41$uhttp://www.nap.edu/books/0309095840/html/$zView the electronic version
=CAT  \\$a3563$b40$c20050805$lBLL01$h1411
=CAT  \\$c20050811$lBLL01$h1134
=CAT  \\$c20050811$lBLL01$h1139
=CAT  \\$a6160$b40$c20050831$lBLL01$h1321
=CAT  \\$a12167$b40$c20051004$lBLL01$h1129
=CAT  \\$a12167$b40$c20051004$lBLL01$h1131
=CAT  \\$aBATCH-LDL$b00$c20070619$lBLL01$h0111
=CAT  \\$a6632$b40$c20071119$lBLL01$h1256
=CAT  \\$aWR16_021$c20160611$lBLL01$h2013
=FIN  \\$aY$d20050831
=FMT  \\$a  BK
=LAS  \\$aWR16_021$b00$c20160611$lBLL01$h2013
=SID  \\$aZ39$bOCLC

