=LDR  04928 am a2200565 i 4500
=001  016818462
=003  Uk
=005  20140812084735.0
=008  130619s2014\\\\dcua\\\\\b\\\\000\0\eng\\
=020  \\$a0309285127
=020  \\$a9780309285124
=035  \\$a(OCoLC)849593067$z(OCoLC)850208016
=040  \\$aYDXCP$beng$cYDXCP$dBTCTA$dNRZ$dOCLCO$dNRZ$dUNL$dNTD$dLTSCA$dOCLCO$dUk$erda
=042  \\$aukblderived
=043  \\$an-us---
=082  04$a364.155540973$223
=110  2\$aInstitute of Medicine (U.S.).$bCommittee on Child Maltreatment Research, Policy, and Practice for the Next Decade: Phase II,$eauthor.
=245  10$aNew directions in child abuse and neglect research /$cCommittee on Child Maltreatment Research, Policy, and Practice for the Next Decade: Phase II ; Anne C. Petersen, Joshua Joseph, and Monica Feit, editors ; Board on Children, Youth, and Families ; Committee on Law and Justice ; Institute of Medicine and National Research Council of the National Academies.
=264  \1$aWashington, D.C. :$bNational Academies Press,$c[2014]
=264  \4$c© 2014
=300  \\$axiii, 428 pages :$billustrations ;$c23 cm
=336  \\$atext$btxt$2rdacontent
=337  \\$aunmediated$bn$2rdamedia
=337  \\$acomputer$2rdamedia
=338  \\$avolume$bnc$2rdacarrier
=338  \\$aonline resource$2rdacarrier
=504  \\$aIncludes bibliographical references.
=505  0\$aDescribing the Problem -- Causality -- Consequences of Child Abuse and Neglect -- The Child Welfare System -- Interventions and Service Delivery Systems -- Research Challenges and Infrastructure -- Child Abuse and Neglect Policy -- Recommendations -- Appendix A: Workshop Open Session Agendas -- Appendix B: Research Recommendations and Priorities from the 1993 National Research Council Report "Understanding Child Abuse and Neglect" -- Appendix C: Bio-sketches of Committee Members.
=520  \\$a"Each year, child protective services receive reports of child abuse and neglect involving six million children, and many more go unreported. The long-term human and fiscal consequences of child abuse and neglect are not relegated to the victims themselves -- they also impact their families, future relationships, and society. In 1993, the National Research Council (NRC) issued the report, Under-standing Child Abuse and Neglect, which provided an overview of the research on child abuse and neglect. New Directions in Child Abuse and Neglect Research updates the 1993 report and provides new recommendations to respond to this public health challenge. According to this report, while there has been great progress in child abuse and neglect research, a coordinated, national research infrastructure with high-level federal support needs to be established and implemented immediately. New Directions in Child Abuse and Neglect Research recommends an actionable framework to guide and support future child abuse and neglect research. This report calls for a comprehensive, multidisciplinary approach to child abuse and neglect research that examines factors related to both children and adults across physical, mental, and behavioral health domains--including those in child welfare, economic support, criminal justice, education, and health care systems--and assesses the needs of a variety of subpopulations. It should also clarify the causal pathways related to child abuse and neglect and, more importantly, assess efforts to interrupt these pathways. New Directions in Child Abuse and Neglect Research identifies four areas to look to in developing a coordinated research enterprise: a national strategic plan, a national surveillance system, a new generation of researchers, and changes in the federal and state programmatic and policy response."--Publisher's description.
=530  \\$aAlso available via the World Wide Web.
=650  \0$aChild abuse$zUnited States$xPrevention.
=650  \0$aChild abuse$xResearch$zUnited States.
=650  \0$aChild abuse$zUnited States.
=690  7\$aSocial Welfare$2blcoll
=700  1\$aPetersen, Anne C.,$eeditor.
=700  1\$aJoseph, Joshua,$dactive 2014,$eeditor.
=700  1\$aFeit, Monica N.,$eeditor.
=710  2\$aNational Research Council (U.S.).$bBoard on Children, Youth, and Families.
=710  2\$aNational Research Council (U.S.).$bCommittee on Law and Justice.
=852  41$aBritish Library$bDSC$jm14/.11784
=856  41$3National Academies Press$uhttp://www.nap.edu/catalog.php?record_id=18331
=856  41$uhttp://www.nap.edu/openbook.php?isbn=0309285127$zConnect to this title online: http://www.nap.edu/openbook.php?isbn=0309285127
=CAT  \\$aBATCH-APP$b00$c20140807$lBLL01$h2141
=CAT  \\$a11131$b40$c20140812$lBLL01$h0847
=CAT  \\$aBATCH-SWP$c20140815$lBLL01$h2304
=CAT  \\$aBATCH-UPD$b00$c20151202$lBLL01$h0840
=FIN  \\$aY$d20140812
=FMT  \\$a  BK
=LAS  \\$aBATCH-UPD$b00$c20151202$lBLL01$h0840
=SID  \\$aZ39$bOCLC

