=LDR  02062 am a2200493 a 4500
=001  015778619
=003  Uk
=005  20120612104328.0
=008  090224s2008\\\\dcuab\\\\b\\\\100\0\eng\c
=010  \\$a2009275794
=015  \\$aGBB256484$2bnb
=016  7\$a015778619$2Uk
=020  \\$a9780309127691 (pbk.)
=020  \\$a0309127696 (pbk.)
=035  \\$a(OCoLC)ocn298513348
=040  \\$aStEdALDL$beng$cStEdALDL$dUk
=042  \\$aukscp
=050  00$aQB505$b.S48 2008
=082  00$a363.34$223
=245  00$aSevere space weather events :$bunderstanding societal and economic impacts : a workshop report /$cNational Research Council, Division on Engineering and Physical Sciences, Space Studies Board, Committee on the Societal and Economic Impacts of Severe Space Weather Events.
=260  \\$aWashington D.C. :$bNational Academies Press,$cc2008.
=300  \\$axi, 131 p. :$bill. (some col.), maps (some col.) ;$c28 cm.
=336  \\$atext$2rdacontent
=337  \\$aunmediated$2rdamedia
=338  \\$avolume$2rdacarrier
=500  \\$aReport of a one and a half day public workshop in Washington, D.C., on May 22-23, 2008.
=504  \\$aIncludes bibliographical references.
=530  \\$aAlso available online in Open Book format.
=650  \0$aSpace environment$vCongresses.
=650  \0$aAstrometeorology$vCongresses.
=710  2\$aNational Research Council (U.S.).$bCommittee on the Societal and Economic Impacts of Severe Space Weather Events.
=852  41$aBritish Library$bHMNTS$jYK.2012.b.6726
=856  41$3Table of contents only$uhttp://www.loc.gov/catdir/toc/fy0906/2009275794.html
=856  41$uhttp://www.nap.edu/catalog.php?record_id=12507$zOnline version in Open Book format
=CAT  \\$aBATCH-ALDL$b00$c20110325$lBLL01$h0015
=CAT  \\$a10812$b40$c20110920$lBLL01$h1208
=CAT  \\$a10905$b40$c20120612$lBLL01$h1043
=CAT  \\$aWR16_021$c20160701$lBLL01$h1818
=FIN  \\$aY$d20120612
=FMT  \\$a  BK
=LAS  \\$aWR16_021$b00$c20160701$lBLL01$h1818
=LDO  \\$d1/2287430
=SID  \\$aZ39$bLOC
=SRC  \\$aALDL

