=LDR  04951 am a22004817i 4500
=001  016740432
=003  Uk
=005  20140618082948.0
=008  131228t20142014dcua\\\\\b\\\\000\0\eng\d
=020  \\$a9780309292306
=020  \\$a0309292301
=035  \\$a(OCoLC)866936704
=040  \\$aBTCTA$beng$cBTCTA$dYDXCP$dNRZ$dOCLCO$dUNL$dIPL$dUk$erda
=042  \\$aukblderived
=043  \\$an-us---
=050  \4$aSH328$b.E93 2014
=245  00$aEvaluating the effectiveness of fish stock rebuilding plans in the United States /$cCommittee on Evaluating the Effectiveness of Stock Rebuilding Plans of the 2006 Fishery Conservation and Management Reauthorization Act, Ocean Studies Board, Division on Earth and Life Studies, National Research Council of the National Academies.
=264  \1$aWashington, D.C. :$bNational Academies Press,$c[2014]
=264  \4$c©2014
=300  \\$aix, 143 pages :$billustrations (some color) ;$c28 cm
=336  \\$atext$btxt$2rdacontent
=337  \\$aunmediated$bn$2rdamedia
=338  \\$avolume$bnc$2rdacarrier
=504  \\$aIncludes bibliographical references (pages 125-135).
=505  0\$aIntroduction -- U.S. fisheries management and the law -- Review of federally implemented rebuilding plans -- Technical considerations in developing rebuilding plans -- Ecosystem considerations -- Human dimensions of rebuilding -- Looking forward -- Appendix A: Committee and staff biographies -- Appendix B: List of acronyms -- Appendix C: Time series plots.
=520  \\$a"In the United States (U.S.), the Fishery Conservation and Management Act of 1976, now known as the Magnuson-Stevens Fishery Conservation and Management Act (MSFCMA), was the first major legislation to regulate federal fisheries in the U.S. Fishery Conservation Zone (later designated as the U.S. exclusive economic zone). The re-authorization of the MSFCMA passed by Congress in 2006 included additional mandates for conserving and rebuilding fish stocks and strengthening the role of scientific advice in fisheries management. Approximately 20% of the fisheries that have been assessed are considered overfished according to the September 2012 stock status Report to Congress prepared by the U.S. National Oceanic and Atmospheric Administration (NOAA). Overfished refers to a stock that is below the minimum stock size threshold, commonly set to half the stock size at which maximum sustainable yield (MSY) is achieved.Under the provisions of the MSFCMA, rebuilding plans for overfished stocks should take no more than 10 years, except when certain provisions apply. Rebuilding mandates have led to substantial reductions in catch and effort for many fisheries, raising concerns about the consequent social and economic impacts to the fishing communities and industry. Evaluating the Effectiveness of Fish Stock Rebuilding Plans in the United States reviews the technical specifications that underlie current federally-implemented rebuilding plans, and the outcomes of those plans. According to this report, fisheries management has evolved substantially since 1977 when the U.S. extended its jurisdiction to 8 200 miles, in the direction of being more prescriptive and precautionary in terms of preventing overfishing and rebuilding overfished fisheries. However, the trade-offs between precaution and yield have not been fully evaluated.Evaluating the Effectiveness of Fish Stock Rebuilding Plans in the United States discusses the methods and criteria used to set target fishing mortality and biomass levels for rebuilding overfished stocks, and to determine the probability that a particular stock will rebuild by a certain date. This report will be of interest to the fishing industry, ecology professionals, and members of Congress as they debate the renewal of the Magnuson-Stevens Fishery Conservation and Management Act."--Publisher's description.
=530  \\$aAlso available via the World Wide Web.
=650  \0$aFishery management$zUnited States.
=650  \0$aFishery management$xEvaluation.
=710  2\$aNational Research Council (U.S.).$bCommittee on Evaluating the Effectiveness of Stock Rebuilding Plans of the 2006 Fishery Conservation and Management Reauthorization Act.
=710  2\$aNational Research Council (U.S.).$bOcean Studies Board.
=710  2\$aNational Research Council (U.S.).$bDivision on Earth and Life Studies.
=852  41$aBritish Library$bDSC$jm14/.11450
=856  41$3National Academies Press$uhttp://www.nap.edu/catalog.php?record_id=18488
=856  41$uhttp://www.nap.edu/openbook.php?isbn=0309292301$zConnect to this title online: http://www.nap.edu/openbook.php?isbn=0309292301
=CAT  \\$aBATCH-APP$b00$c20140613$lBLL01$h2132
=CAT  \\$a10904$b40$c20140618$lBLL01$h0828
=CAT  \\$a10904$b40$c20140618$lBLL01$h0829
=CAT  \\$aBATCH-UPD$b40$c20151202$lBLL01$h0822
=FIN  \\$aY$d20140618
=FMT  \\$a  BK
=LAS  \\$aBATCH-UPD$b40$c20151202$lBLL01$h0822
=SID  \\$aZ39$bOCLC

