=LDR  02690 am a2200601 a 4500
=001  014502516
=003  Uk
=005  20080228215110.0
=008  061030s2007\\\\dcua\\\\\b\\\\001\0\eng\c
=010  \\$a  2006937620
=020  \\$a9780309101196
=020  \\$a0309101190
=035  \\$a(OCoLC)ocm82368191
=040  \\$aInIU-L$cILI$dYDXCP$dVET$dOCLCA$dBAKER$dDLC$dUk
=042  \\$aukblsr
=043  \\$an-us---
=050  00$aR853.H8$bE8253 2007
=082  00$a174.28086927$222
=245  00$aEthical considerations for research involving prisoners /$cCommittee on Ethical Considerations for Revisions to DHHS Regulations for Protection of Prisoners Involved in Research, Board on Health Sciences Policy, Institute of Medicine of the National Academies ; Lawrence O. Gostin, Cori Vanchieri, and Andrew Pope, editors.
=260  \\$aWashington, D.C. :$bNational Academies Press,$cc2007.
=300  \\$axvii, 265 p. ;$c23 cm.
=336  \\$atext$2rdacontent
=337  \\$aunmediated$2rdamedia
=338  \\$avolume$2rdacarrier
=504  \\$aIncludes bibliographical references and index.
=530  \\$aAlso available on the Internet.
=650  \0$aHuman experimentation in medicine.
=650  \0$aPrisoners$xLegal status, laws, etc.$zUnited States.
=650  \0$aInformed consent (Medical law)$zUnited States.
=650  \0$aMedicine$xResearch$xMoral and ethical aspects$zUnited States.
=650  \2$aBiomedical Research$xethics$zUnited States.
=650  \2$aHuman Experimentation.
=650  \2$aInformed Consent$zUnited States.
=650  \2$aPrisoners$zUnited States.
=700  1\$aGostin, Lawrence O.$q(Lawrence Ogalthorpe).
=700  1\$aVanchieri, Cori.
=700  1\$aPope, Andrew MacPherson,$d1950-
=710  2\$aInstitute of Medicine (U.S.).$bCommittee on Ethical Considerations for Revisions to DHHS Regulations for Protection of Prisoners Involved in Research.
=710  2\$aInstitute of Medicine (U.S.).$bBoard on Health Sciences Policy.
=852  41$aBritish Library$bDSC$jm08/.14544
=856  41$3Unedited summary from book$uhttp://www.loc.gov/catdir/summary/eng0701/2006937620.html
=856  41$3Table of contents only$uhttp://www.loc.gov/catdir/toc/fy0710/2006937620.html
=856  40$uhttp://fermat.nap.edu/catalog/11692.html$zAdobe Acrobat Reader required
=BUF  \\$aN2$d20080221
=CAT  \\$a7203$b40$c20080124$lBLL01$h1530
=CAT  \\$a12666$b40$c20080221$lBLL01$h0843
=CAT  \\$aBATCH-BUOC$b00$c20080228$lBLL01$h2151
=CAT  \\$aBATCH-UPD$b00$c20081011$lBLL01$h0836
=CAT  \\$aBATCH-UPD$b00$c20161216$lBLL01$h2050
=FIN  \\$aY$d20080221
=FMT  \\$a  BK
=LAS  \\$aBATCH-UPD$b00$c20161216$lBLL01$h2050
=SRC  \\$aBLL02

