=LDR  02092cam a2200553   4500
=001  012958675
=003  Uk
=005  20061003140210.0
=008  040615s2004\\\\dcua\\\\\\\\\\001\0\eng\\
=010  \\$a2004014040
=015  \\$aGBA454436$2bnb
=016  7\$a012958675$2Uk
=020  \\$a0309092051 (cased) :$cNo price
=020  \\$a030909738X (pbk.) :$c£9.99
=035  \\$a(UkOxU)UkOxUb15797431
=040  \\$aStDuBDS$dUkOxU$dUk
=042  \\$aukscp
=050  00$aTP248.65.F66$bF436 2004
=082  04$a631.5233$222
=100  1\$aFedoroff, Nina V.$q(Nina Vsevolod),$d1942-
=245  10$aMendel in the kitchen :$ba scientist's view of genetically modified foods /$cNina V. Fedoroff and Nancy Marie Brown.
=260  \\$aWashington, D.C. :$bJoseph Henry ;$aOxford :$bOxford Publicity Partnership [distributor],$c2004.
=300  \\$axiii, 370 p. :$bill. ;$c24 cm.
=336  \\$atext$2rdacontent
=337  \\$aunmediated$2rdamedia
=338  \\$avolume$2rdacarrier
=500  \\$aFormerly CIP.$5Uk
=504  \\$aIncludes bibliographical references (p. 337-350) and index.
=530  \\$aAlso available in electronic form via the Internet as viewed 10/29/2004.
=650  \0$aGenetically modified foods.
=650  \0$aPlant genetic engineering.
=700  1\$aBrown, Nancy Marie.
=852  41$aBritish Library$bHMNTS$jYC.2005.a.9955
=852  41$aBritish Library$bDSC$jm04/.37586
=856  41$3Table of contents$uhttp://www.loc.gov/catdir/toc/ecip0419/2004014040.html
=856  41$uhttp://www.nap.edu/books/0309092051/html/
=CAT  \\$aBATCH$b00$c20040727$lBLL01$h0933
=CAT  \\$a7732$b40$c20041129$lBLL01$h1405
=CAT  \\$aBATCH-LDL$b00$c20050919$lBLL01$h2330
=CAT  \\$c20050919$lBLL01$h2330
=CAT  \\$a10876$b40$c20050928$lBLL01$h1604
=CAT  \\$a9523$b40$c20050930$lBLL01$h1437
=CAT  \\$a11014$b40$c20051005$lBLL01$h1359
=CAT  \\$a9523$b40$c20061003$lBLL01$h1359
=CAT  \\$a9523$b40$c20061003$lBLL01$h1402
=CAT  \\$aW2308-1659$c20230923$lBLL01$h0906
=FIN  \\$aY
=FMT  \\$a  BK
=LAS  \\$aW2308-1659$b00$c20230923$lBLL01$h0906

