=LDR  02806cam a2200601   4500
=001  012959734
=003  Uk
=005  20060112172208.0
=008  040423s2004\\\\dcua\\\\\b\\\\001\0\eng\\
=010  \\$a  2004009703
=015  \\$aGBA455495$2bnb
=016  7\$a012959734$2Uk
=020  \\$a0309091942 (cased) :$c£31.99
=040  \\$aStDuBDS
=042  \\$aukblsr
=043  \\$an-us---
=050  00$aRA1224.5$b.I55 2004
=082  00$a363.1791$222
=110  2\$aInstitute of Medicine (U.S.).$bCommittee on Poison Prevention and Control.
=245  10$aForging a poison prevention and control system /$cCommittee on Poison Prevention and Control, Board on Health Promotion and Disease Prevention, Institute of Medicine of the National Academies.
=246  10$aPoison prevention and control system
=260  \\$aWashington, D.C. :$bNational Academies,$c2004.
=300  \\$axiv, 354 p. :$bill. ;$c24 cm.
=336  \\$atext$2rdacontent
=337  \\$aunmediated$2rdamedia
=338  \\$avolume$2rdacarrier
=500  \\$aFormerly CIP.$5Uk
=504  \\$aIncludes bibliographical references (p. 318-328) and index.
=505  0\$aToward a poison prevention and control system -- Current status and opportunities -- Magnitude of the problem -- Historical context of poison control -- Poison center activities, personnel, and quality assurance -- Current costs, funding, and organizational structures -- Data and surveillance -- Prevention and public education -- A public health system for poison prevention and control -- Conclusions and recommendations.
=650  \0$aPoisoning, Accidental$xPrevention$xGovernment policy$zUnited States.
=650  \0$aPoison control centers$xGovernment policy$zUnited States.
=650  12$aPoison Control Centers$xorganization & administration$zUnited States.
=650  22$aDelivery of Health Care$xmethods$zUnited States.
=650  22$aHealth Policy$zUnited States.
=650  22$aPoison Control Centers$xeconomics$zUnited States.
=650  22$aPoisoning$xprevention & control$zUnited States.
=852  41$aBritish Library$bHMNTS$jYK.2005.a.13704
=852  41$aBritish Library$bDSC$jm04/34108
=856  41$3Table of contents$uhttp://www.loc.gov/catdir/toc/ecip0418/2004009703.html
=856  41$uhttp://www.nap.edu/books/0309091942/html/
=BUF  \\$aN$d20060112
=CAT  \\$aBATCH$b00$c20040727$lBLL01$h0933
=CAT  \\$c20040915$lBLL01$h1651
=CAT  \\$c20040915$lBLL01$h1652
=CAT  \\$a9657$b40$c20041213$lBLL01$h1256
=CAT  \\$a10876$b40$c20051007$lBLL01$h1128
=CAT  \\$aBATCH-BUOC$b00$c20060112$lBLL01$h1722
=CAT  \\$c20060124$lBLL01$h1655
=CAT  \\$aWR16_021$c20160610$lBLL01$h1950
=CAT  \\$aW2308-1659$c20230923$lBLL01$h0906
=FIN  \\$aY
=FMT  \\$a  BK
=LAS  \\$aW2308-1659$b00$c20230923$lBLL01$h0906

