=LDR  03072cam a2200685   4500
=001  012959735
=003  Uk
=005  20060406093414.0
=008  040921s2005\\\\dcua\\\\\b\\\\001\0\eng\\
=010  \\$a  2004022343
=015  \\$aGBA455496$2bnb
=016  7\$a012959735$2Uk
=020  \\$a0309092132 (cased) :$c£31.99
=040  \\$aStDuBDS
=042  \\$aukblsr
=043  \\$an-us---
=050  00$aRC280.B8$bS28 2005
=082  00$a616.99449075$222
=245  00$aSaving women's lives :$bstrategies for improving breast cancer detection and diagnosis /$cCommittee on New Approaches to Early Detection and Diagnosis of Breast Cancer, National Cancer Policy Board, Board on Science, Technology, and Economic Policy, Policy and Global Affairs Division ; Janet E. Joy, Edward E. Penhoet, and Diana B. Petitti, editors.
=260  \\$aWashington, D.C. :$bNational Academies,$c2005.
=300  \\$axxi, 361 p. :$bill. ;$c24 cm.
=336  \\$atext$2rdacontent
=337  \\$aunmediated$2rdamedia
=338  \\$avolume$2rdacarrier
=500  \\$aFormerly CIP.$5Uk
=504  \\$aIncludes bibliographical references and index.
=505  0\$aBenefits and limitations of mammography -- Improving breast cancer screening services -- Understanding breast cancer risk -- Biologically based technologies -- The necessary environment for research and development -- Translating new technologies into improved patient outcomes -- Recommendations.
=650  \0$aBreast$xCancer$xDiagnosis.
=650  \0$aBreast$xCancer$xGovernment policy$zUnited States.
=650  \0$aBreast$xCancer$xPrevention.
=650  \0$aMedical screening.
=650  12$aBreast Neoplasms$xdiagnosis.
=650  22$aMammography.
=650  22$aMass Screening.
=650  22$aResearch.
=655  \7$aEvaluation studies.$2mesh
=700  1\$aJoy, Janet E.$q(Janet Elizabeth),$d1953-
=700  1\$aPenhoet, Edward E.
=700  1\$aPetitti, Diana B.
=710  2\$aNational Cancer Policy Board (U.S.).$bCommittee on New Approaches to Early Detection and Diagnosis of Breast Cancer.
=710  2\$aNational Research Council (U.S.).$bPolicy and Global Affairs.
=710  2\$aNational Research Council (U.S.).$bBoard on Science, Technology, and Economic Policy.
=852  41$aBritish Library$bDSC$jm05/.30518
=852  41$aBritish Library$bHMNTS$jYK.2005.a.13703
=856  41$uhttp://books.nap.edu/openbook/0309092132/html/index.html
=856  41$3Table of contents$uhttp://www.loc.gov/catdir/toc/ecip051/2004022343.html
=BUF  \\$aN$d20060112
=CAT  \\$aBATCH$b00$c20040727$lBLL01$h0933
=CAT  \\$c20040727$lBLL01$h0941
=CAT  \\$a5375$b40$c20050824$lBLL01$h1141
=CAT  \\$c20050913$lBLL01$h1703
=CAT  \\$a10876$b40$c20051007$lBLL01$h1136
=CAT  \\$aBATCH-BUOC$b00$c20060112$lBLL01$h1722
=CAT  \\$c20060124$lBLL01$h1655
=CAT  \\$a11249$b40$c20060406$lBLL01$h0934
=CAT  \\$aWR16_021$c20160610$lBLL01$h1950
=CAT  \\$aW2308-1659$c20230923$lBLL01$h0906
=FIN  \\$aY$d20050824
=FMT  \\$a  BK
=LAS  \\$aW2308-1659$b00$c20230923$lBLL01$h0906

