=LDR  02988cam a2200697 a 4500
=001  013059153
=003  Uk
=005  20060112172236.0
=008  041103s2005\\\\dcua\\\\\b\\\\001\0\eng\\
=010  \\$a  2004026241
=015  \\$aGBA488270$2bnb
=016  7\$a013059153$2Uk
=020  \\$a0309091969 (cased) :$c£26.99
=020  \\$a0309093155
=040  \\$aStDuBDS$beng$cStDuBDS$dUk
=042  \\$aukblsr
=043  \\$an-us---
=050  00$aRJ399.C6$bI575 2005
=082  00$a618.92398$222
=110  2\$aInstitute of Medicine (U.S.).$bCommittee on Prevention of Obesity in Children and Youth.
=245  10$aPreventing childhood obesity :$bhealth in the balance /$cCommittee on Prevention of Obesity in Children and Youth, Food and Nutrition Board, Board on Health Promotion and Disease Prevention ; Jeffrey P. Koplan, Catharyn T. Liverman, Vivica I. Kraak, editors.
=260  \\$aWashington, D.C. :$bNational Academies,$c2005.
=300  \\$axix, 414 p. :$bill. ;$c24 cm.
=336  \\$atext$2rdacontent
=337  \\$aunmediated$2rdamedia
=338  \\$avolume$2rdacarrier
=500  \\$aFormerly CIP.$5Uk
=504  \\$aIncludes bibliographical references and index.
=505  0\$aExtent and consequences of childhood obesity -- Developing an action plan -- A national public health priority -- Industry, advertising, media, and public education -- Local communities -- Schools -- Home -- Confronting the childhood obesity epidemic.
=650  \0$aObesity in children$zUnited States$xPrevention.
=650  \0$aChild health services$zUnited States.
=650  \0$aNutrition policy$zUnited States.
=650  \0$aHealth promotion$zUnited States.
=650  12$aObesity$xprevention & control$xAdolescent.
=650  12$aObesity$xprevention & control$xChild.
=650  22$aHealth Policy$xAdolescent.
=650  22$aHealth Policy$xChild.
=650  22$aHealth Promotion$xmethods.
=650  22$aSocial Environment.
=700  1\$aKoplan, Jeffrey.
=700  1\$aLiverman, Catharyn T.
=700  1\$aKraak, Vivica I.
=710  2\$aInstitute of Medicine (U.S.).$bFood and Nutrition Board.
=710  2\$aInstitute of Medicine (U.S.).$bBoard on Health Promotion and Disease Prevention.
=852  41$aBritish Library$bDSC$jm05/.16849
=852  41$aBritish Library$bHMNTS$jYK.2006.a.1875
=856  41$3Table of contents$uhttp://www.loc.gov/catdir/toc/ecip053/2004026241.html
=856  41$uhttp://www.nap.edu/books/0309091969/html/
=BUF  \\$aN$d20051208
=CAT  \\$aBATCH$b00$c20041207$lBLL01$h1704
=CAT  \\$c20041207$lBLL01$h1704
=CAT  \\$a6605$b40$c20050314$lBLL01$h0802
=CAT  \\$a8479$b40$c20051208$lBLL01$h1251
=CAT  \\$a8479$b40$c20051208$lBLL01$h1254
=CAT  \\$aBATCH-BUOC$b00$c20060112$lBLL01$h1722
=CAT  \\$c20060124$lBLL01$h1657
=CAT  \\$aWR16_021$c20160610$lBLL01$h2006
=CAT  \\$aW2308-1659$c20230923$lBLL01$h0913
=FIN  \\$aY$d20050314
=FMT  \\$a  BK
=LAS  \\$aW2308-1659$b00$c20230923$lBLL01$h0913

