=LDR  02233aam a2200589 a 4500
=001  013397190
=003  Uk
=005  20060629214717.0
=008  051101s2006\\\\dcuab\\\\b\\\\001\0\eng\\
=010  \\$a  2005031643
=015  \\$aGBA620946$2bnb
=016  7\$a013397190$2Uk
=020  \\$a0309097363 (hbk.) :$c£16.99
=040  \\$aStDuBDS$beng$cStDuBDS$dUk
=042  \\$aukblsr
=043  \\$anwht---
=050  00$aRA643.86.H35$bF68 2006
=082  00$a362.19697920097294$222
=100  1\$aFournier, Arthur M.$q(Arthur Michael),$d1947-
=245  14$aThe zombie curse :$ba doctor's 25-year journey into the heart of the AIDS epidemic in Haiti /$cArthur M. Fournier, with Daniel Herlihy.
=260  \\$aWashington, D.C. :$bJoseph Henry ;$aOxford :$bOxford Publicity Partnership [distributor],$c2006.
=300  \\$axxi, 313 p. :$bill., 1 map ;$c24 cm.
=336  \\$atext$2rdacontent
=337  \\$aunmediated$2rdamedia
=338  \\$avolume$2rdacarrier
=500  \\$aFormerly CIP.$5Uk
=504  \\$aIncludes bibliographical references and index.
=650  \0$aAIDS (Disease)$zHaiti.
=650  12$aAcquired Immunodeficiency Syndrome$xepidemiology$zFlorida.
=650  12$aAcquired Immunodeficiency Syndrome$xepidemiology$zHaiti.
=650  12$aPhysicians$zFlorida$vPersonal Narratives.
=650  12$aPhysicians$zHaiti$vPersonal Narratives.
=690  7\$aSocial Welfare$2blcoll
=700  1\$aHerlihy, Daniel.
=852  41$aBritish Library$bHMNTS$jYC.2006.a.17050
=852  41$aBritish Library$bDSC$jm06/.22273
=856  41$3Table of contents$uhttp://www.loc.gov/catdir/toc/ecip064/2005031643.html
=856  41$uhttp://www.nap.edu/catalog/11541.html
=BUF  \\$aN$d20060512
=CAT  \\$aBATCH-CIP$b00$c20060207$lBLL01$h1700
=CAT  \\$c20060207$lBLL01$h1703
=CAT  \\$c20060207$lBLL01$h1716
=CAT  \\$c20060418$lBLL01$h0904
=CAT  \\$c20060418$lBLL01$h0909
=CAT  \\$a6605$b40$c20060512$lBLL01$h1101
=CAT  \\$aBATCH-BUOC$b00$c20060629$lBLL01$h2147
=CAT  \\$aBATCH$b00$c20110625$lBLL01$h0518
=CAT  \\$aBATCH-SWP4$c20110627$lBLL01$h1601
=CAT  \\$aWR16_021$c20160613$lBLL01$h1809
=FIN  \\$aY$d20060512
=FMT  \\$a  BK
=LAS  \\$aWR16_021$b00$c20160613$lBLL01$h1809

