=LDR  02738cam a2200637 a 4500
=001  013513858
=003  Uk
=005  20230622164727.0
=007  cr\cn|||||||||
=008  051212s2006\\\\dcua\\\\\b\\\\001\0\eng\\
=010  \\$a  2005036191
=020  \\$a0309100798 (full book)
=020  \\$a0309655803 (pdfs)
=035  \\$a(OCoLC)ocm62615991
=040  \\$aDLC$cDLC$dYDX$dBAKER$dEYE$dNATAP$dIXA$dCUX$dNLM$dDLC$dUk
=042  \\$aukblsr
=043  \\$an-us---
=050  00$aUB333$b.N382 2006
=060  00$a2006 E-338
=060  10$aUB 333$bN277 2006
=082  00$a355.61$222
=110  2\$aNational Research Council (U.S.).$bCommittee on the Youth Population and Military Recruitment.
=245  10$aAssessing fitness for military enlistment :$bphysical, medical, and mental health standards /$cCommittee on the Youth Population and Military Recruitment ; Paul R. Sackett and Anne S. Mavor, editors.
=260  \\$aWashington, D.C. :$bNational Academies Press,$cc2006.
=300  \\$aix, 253 p. :$bill. ;$c24 cm.
=336  \\$atext$2rdacontent
=337  \\$acomputer$2rdamedia
=338  \\$aonline resource$2rdacarrier
=504  \\$aIncludes bibliographical references (p. 197-211) and index.
=505  0\$aProcedures, Requirements, and Standards -- Framework for Evaluation Medical and Physical Standards -- Physical Fitness and Musculoskeletal Injury -- Medical Factors -- Mental Health -- Substance Abuse and Cigarette Use -- Conclusions and Recommendations.
=530  \\$aAlso issued online.
=650  \0$aSoldiers$xHealth and hygiene$zUnited States.
=650  \0$aYouth$xHealth and hygiene$zUnited States.
=650  \0$aManpower$zUnited States.
=650  12$aMilitary Personnel$zUnited States.
=650  12$aPhysical Fitness$zUnited States.
=650  22$aAdolescent$zUnited States.
=650  22$aPsychology, Military$zUnited States.
=651  \0$aUnited States$xArmed Forces$xRecruiting, enlistment, etc.$xStandards.
=651  \0$aUnited States$xArmed Forces$xMedical examinations.
=700  1\$aSackett, Paul R.
=700  1\$aMavor, Anne S.
=852  41$aBritish Library$bDSC$jm06/.31782
=856  41$uhttp://www.nap.edu/catalog/11511.html
=856  41$3Table of contents$uhttp://www.loc.gov/catdir/toc/ecip065/2005036191.html
=BUF  \\$aN2$d20060901
=CAT  \\$aBATCH-APP$b00$c20060720$lBLL01$h1033
=CAT  \\$aBATCH$b00$c20060720$lBLL01$h1033
=CAT  \\$aBATCH$b00$c20060720$lBLL01$h1037
=CAT  \\$a5375$b40$c20060901$lBLL01$h1127
=CAT  \\$aBATCH-BUOC$b00$c20060921$lBLL01$h2135
=CAT  \\$aW1707-0052$c20170703$lBLL01$h1848
=CAT  \\$aW2306-1299$c20230622$lBLL01$h1652
=FIN  \\$aY$d20060901
=FMT  \\$a  BK
=LAS  \\$aW2306-1299$b00$c20230622$lBLL01$h1652

