=LDR  02192 am a2200517 a 4500
=001  013524172
=003  Uk
=005  20061019213705.0
=008  060331s2006\\\\dcuab\\\\b\\\\001\0\eng\\
=010  \\$a  2006010872
=020  \\$a0309101107 (pbk.)
=020  \\$a0309657245 (PDF)
=020  \\$a9780309101103
=035  \\$a(OCoLC)ocm64628944
=040  \\$aDNLM/DLC$cDLC$dAGL$dNLM$dNATAP$dBAKER$dC#P$dYDX$dDLC$dUk
=042  \\$aukblsr
=050  00$aSF406.7$b.G85 2006
=082  00$a636.0885$222
=245  00$aGuidelines for the humane transportation of research animals /$cCommittee on Guidelines for the Humane Transportation of Laboratory Animals, Institute for Laboratory Animal Research, Division on Earth and Life Studies, National Research Council of the National Academies.
=260  \\$aWashington, D.C. :$bNational Academies Press,$cc2006.
=300  \\$axxi, 141 p. :$bill., maps ;$c23 cm.
=336  \\$atext$2rdacontent
=337  \\$aunmediated$2rdamedia
=338  \\$avolume$2rdacarrier
=504  \\$aIncludes bibliographical references (p. 89-96) and index.
=530  \\$aAlso issued online.
=650  \0$aLaboratory animals$xTransportation.
=650  12$aAnimals, Laboratory$vGuideline.
=650  12$aTransportation$xstandards$vGuideline.
=650  22$aAnimal Welfare$xstandards$vGuideline.
=650  22$aLaboratory Animal Science$xstandards$vGuideline.
=650  22$aSafety Management$xstandards$vGuideline.
=710  2\$aInstitute for Laboratory Animal Research (U.S.).$bCommittee on Guidelines for the Humane Transportation of Laboratory Animals.
=852  41$aBritish Library$bDSC$jm06/.31542
=856  41$3Table of contents$uhttp://www.loc.gov/catdir/toc/ecip0611/2006010872.html
=856  41$uhttp://www.nap.edu/catalog/11557.html
=BUF  \\$aN2$d20060829
=CAT  \\$aBATCH-APP$b00$c20060803$lBLL01$h1157
=CAT  \\$aBATCH$b00$c20060803$lBLL01$h1157
=CAT  \\$aBATCH$b00$c20060803$lBLL01$h1200
=CAT  \\$a9678$b40$c20060829$lBLL01$h1132
=CAT  \\$aBATCH-BUOC$b00$c20061019$lBLL01$h2137
=CAT  \\$aW1707-0052$c20170703$lBLL01$h1848
=FIN  \\$aY$d20060829
=FMT  \\$a  BK
=LAS  \\$aW1707-0052$b00$c20170703$lBLL01$h1848

