=LDR  02530 am a2200613 a 4500
=001  013530975
=003  Uk
=005  20110419114749.0
=008  051221s2006\\\\dcua\\\\\b\\\\001\0deng\\
=010  \\$a  2005037405
=020  \\$a9780309100076 (cased)
=020  \\$a0309100070 (cased)
=035  \\$a(DNLM)101264039
=035  \\$a(OCoLC)ocm62759350
=040  \\$aDNLM/DLC$cDLC$dNLM$dBAKER$dC#P$dNATAP$dDLC$dUk
=042  \\$aukblsr
=043  \\$an-us---
=050  00$aRA399.A3$bP44 2006
=060  10$aW 84 AA1$bP32 2006
=060  00$a2006 I-240
=082  00$a362.1068$222
=245  00$aPerformance measurement :$baccelerating improvement /$cCommittee on Redesigning Health Insurance Performance Measures, Payment, and Performance Improvement Programs, Board on Health Care Services, Institute of Medicine of the National Academies.
=260  \\$aWashington, D.C. :$bNational Academies Press,$cc2006.
=300  \\$axxi, 357 p. :$bill. ;$c24 cm.
=336  \\$atext$2rdacontent
=337  \\$aunmediated$2rdamedia
=338  \\$avolume$2rdacarrier
=490  1\$aPathways to quality health care
=504  \\$aIncludes bibliographical references and index.
=650  12$aQuality Assurance, Health Care$xmethods$zUnited States.
=650  22$aQuality of Health Care$xstandards$zUnited States.
=650  \0$aMedical care$zUnited States$xQuality control.
=650  \0$aMedical care$xStandards$zUnited States.
=650  \0$aPerformance$xMeasurement.
=690  7\$aSocial Welfare$2blcoll
=710  2\$aInstitute of Medicine (U.S.).$bCommittee on Redesigning Health Insurance Performance Measures, Payment, and Performance Improvement Programs.
=830  \0$aPathways to quality health care.
=852  41$aBritish Library$bDSC$jm06/.32549
=856  41$3Table of contents$uhttp://www.loc.gov/catdir/toc/ecip065/2005037405.html
=856  41$uhttp://www.nap.edu/catalog/11517.html
=CAT  \\$aBATCH-APP$b00$c20060815$lBLL01$h1031
=CAT  \\$aBATCH$b00$c20060815$lBLL01$h1032
=CAT  \\$aBATCH$b00$c20060815$lBLL01$h1033
=CAT  \\$a6632$b40$c20060911$lBLL01$h1450
=CAT  \\$aBATCH$b00$c20091217$lBLL01$h0428
=CAT  \\$aBATCH$b00$c20100103$lBLL01$h1222
=CAT  \\$a6537$b40$c20110419$lBLL01$h1147
=CAT  \\$aBATCH$b00$c20110625$lBLL01$h0522
=CAT  \\$aBATCH-SWP4$c20110627$lBLL01$h1606
=CAT  \\$aBATCH-UPD$b00$c20160605$lBLL01$h0042
=CAT  \\$aW1707-0052$c20170703$lBLL01$h1848
=FIN  \\$aY$d20060911
=FMT  \\$a  BK
=LAS  \\$aW1707-0052$b00$c20170703$lBLL01$h1848

