=LDR  02856 am a2200625 a 4500
=001  013543660
=003  Uk
=005  20061109213615.0
=008  060426s2006\\\\dcua\\\\\b\\\\001\0\eng\\
=010  \\$a  2006014099
=020  \\$a0309101085 (hardback)
=020  \\$a9780309101080
=035  \\$a(OCoLC)ocm68133098
=040  \\$aDNLM/DLC$cDLC$dNLM$dBAKER$dNATAP$dC#P$dYDXCP$dDLC$dUk
=042  \\$aukblsr
=043  \\$an-us---
=050  00$aRA412.3$b.M449 2006
=060  10$aWT 31$bM4898 2006
=082  00$a368.4260068$222
=245  00$aMedicare's quality improvement organization program :$bmaximizing potential /$cCommittee on Redesigning Health Insurance Performance Measures, Payment, and Performance Improvement Programs, Board on Health Care Services.
=260  \\$aWashington, D.C. :$bNational Academies Press,$cc2006.
=300  \\$axxi, 518 p. :$bill. ;$c24 cm.
=336  \\$atext$2rdacontent
=337  \\$aunmediated$2rdamedia
=338  \\$avolume$2rdacarrier
=490  0\$aPathways to quality health care
=500  \\$a"This study was supported by Contract No. HHSM-500-2004-00010C between the National Academy of Sciences and the United States Department of Health and Human Services through the Centers for Medicare and Medicaid Services"--T.p. verso.
=504  \\$aIncludes bibliographical references and index.
=530  \\$aAlso issued online.
=650  \0$aMedicare$xQuality control.
=650  \0$aMedical care$zUnited States$xQuality control.
=650  \0$aHealth care reform$zUnited States.
=650  12$aMedicare$xorganization & administration.
=650  12$aQuality Assurance, Health Care$xorganization & administration$zUnited States.
=650  22$aHealth Care Reform$xorganization & administration$zUnited States.
=650  22$aQuality of Health Care$xorganization & administration$zUnited States.
=690  7\$aManagement and Business Studies$2blcoll
=690  7\$aSocial Welfare$2blcoll
=710  2\$aInstitute of Medicine (U.S.).$bCommittee on Redesigning Health Insurance Performance Measures, Payment, and Performance Improvement Programs.
=852  41$aBritish Library$bDSC$jm06/.34726
=856  41$uhttp://www.nap.edu/catalog/11604.html
=856  41$3Table of contents$uhttp://www.loc.gov/catdir/toc/ecip0613/2006014099.html
=BUF  \\$aN2$d20061009
=CAT  \\$aBATCH-APP$b00$c20060831$lBLL01$h1402
=CAT  \\$aBATCH$b00$c20060831$lBLL01$h1403
=CAT  \\$aBATCH$b00$c20060831$lBLL01$h1405
=CAT  \\$a9657$b40$c20061009$lBLL01$h1410
=CAT  \\$aBATCH-BUOC$b00$c20061109$lBLL01$h2136
=CAT  \\$aBATCH$b00$c20090624$lBLL01$h1717
=CAT  \\$aBATCH$b00$c20110625$lBLL01$h0523
=CAT  \\$aBATCH-SWP4$c20110627$lBLL01$h1606
=CAT  \\$aW1707-0052$c20170703$lBLL01$h1849
=FIN  \\$aY$d20061009
=FMT  \\$a  BK
=LAS  \\$aW1707-0052$b00$c20170703$lBLL01$h1849

