=LDR  02486 am a2200589 a 4500
=001  013569375
=003  Uk
=005  20061113084339.0
=008  060427s2006\\\\dcua\\\\\b\\\\001\0\eng\\
=010  \\$a  2006014107
=020  \\$a9780309101110 (hardback)
=020  \\$a0309101115 (hardback)
=035  \\$a(OCoLC)ocm68192442
=040  \\$aDNLM/DLC$cDLC$dNLM$dBAKER$dNATAP$dVAM$dNATAP$dC#P$dDLC$dUk
=042  \\$aukblsr
=050  00$aRC547$b.S554 2006
=060  10$aWM 188$bS63178 2006
=082  00$a362.1968498$222
=245  00$aSleep disorders and sleep deprivation :$ban unmet public health problem /$cCommittee on Sleep Medicine and Research, Board on Health Sciences Policy ; Harvey R. Colten and Bruce M. Altevogt, editors.
=260  \\$aWashington, DC :$bInstitute of Medicine :$bNational Academies Press,$cc2006.
=300  \\$axviii, 404 p. :$bill. ;$c24 cm.
=336  \\$atext$2rdacontent
=337  \\$aunmediated$2rdamedia
=338  \\$avolume$2rdacarrier
=504  \\$aIncludes bibliographical references and index.
=530  \\$aAlso issued online.
=536  \\$aSupported by contracts between the National Academy of Sciences and the American Academy of Sleep Medicine, the Department of Health and Human Services, the National Sleep Foundation, and the Sleep Research Society$bContract no. N01-OD-4-2139
=650  \0$aSleep disorders$xSocial aspects.
=650  \0$aSleep deprivation$xSocial aspects.
=650  \0$aSleep$xSocial aspects.
=650  \0$aPublic health.
=650  12$aSleep Disorders$zUnited States.
=650  22$aHealth Policy$zUnited States.
=650  22$aSleep Deprivation$zUnited States.
=690  7\$aSocial Welfare$2blcoll
=700  1\$aColten, Harvey R.
=700  1\$aAltevogt, Bruce M.
=710  2\$aInstitute of Medicine (U.S.).$bCommittee on Sleep Medicine and Research.
=852  41$aBritish Library$bDSC$jm06/.38233
=856  41$uhttp://www.nap.edu/catalog/11617.html
=856  41$3Table of contents$uhttp://www.loc.gov/catdir/toc/ecip0613/2006014107.html
=CAT  \\$aBATCH-APP$b00$c20061005$lBLL01$h0935
=CAT  \\$aBATCH$b00$c20061005$lBLL01$h0935
=CAT  \\$aBATCH$b00$c20061005$lBLL01$h0939
=CAT  \\$a10883$b40$c20061113$lBLL01$h0843
=CAT  \\$aBATCH$b00$c20110625$lBLL01$h0524
=CAT  \\$aBATCH-SWP4$c20110627$lBLL01$h1607
=CAT  \\$aW1707-0052$c20170703$lBLL01$h1849
=FIN  \\$aY$d20061113
=FMT  \\$a  BK
=LAS  \\$aW1707-0052$b00$c20170703$lBLL01$h1849
=SRC  \\$aBLL02

