=LDR  03103pam a2200745 a 4500
=001  006943005
=003  Uk
=005  20070112093801.0
=008  030430s2003\\\\dcu\\\\\\b\\\\000\0\eng\\
=010  \\$a  2003106396
=015  \\$aGBA4Z5523$2bnb
=016  7\$a006943005$2Uk
=019  y\$abA4Z5523
=019  g\$aadv5004972176
=019  a\$aG07933677
=019  9\$a0309088526
=020  \\$a0309088526 (pbk.) :$c£27.95
=020  \\$a0309511364 (PDF) :$cNo price
=039  0\$a2775
=040  \\$aStDuBDS$dUk
=042  \\$aukblsr
=050  00$aHD62$b.P763 2003
=082  00$a300.72$222
=245  00$aProtecting participants and facilitating social and behavioral sciences research /$cPanel on Institutional Review Boards, Surveys, and Social Science Research, Constance F. Citro, Daniel R. Ilgen, and Cora B. Marrett, editors ; Committee on National Statistics and Board on Behavioral, Cognitive, and Sensory Sciences, Division on Behavioral Sciences and Education, National Research Council of the National Academies.
=260  \\$aWashington, D.C. :$bNational Academies,$cc2003.
=300  \\$axvii, 258 p. ;$c23 cm.
=336  \\$atext$2rdacontent
=337  \\$aunmediated$2rdamedia
=338  \\$avolume$2rdacarrier
=500  \\$aFormerly CIP.$5Uk
=504  \\$aIncludes bibliographical references.
=597  \\$aMerged CIP onto LDO for Batch deduplication
=597  \\$aMerged with LC record in one-off batch upgrade
=650  \0$aSocial sciences$xResearch$xMoral and ethical aspects.
=650  \0$aHuman experimentation in psychology$xMoral and ethical aspects.
=650  \0$aConfidential communications$xSocial surveys.
=650  \0$aEthics committees.
=700  1\$aCitro, Constance F.$q(Constance Forbes),$d1942-
=700  1\$aIlgen, Daniel R.
=700  1\$aMarrett, Cora Bagley.
=710  2\$aNational Research Council (U.S.).$bPanel on Institutional Review Boards, Surveys, and Social Science Research.
=710  2\$aNational Research Council (U.S.).$bBoard on Behavioral, Cognitive, and Sensory Sciences.
=710  2\$aNational Research Council (U.S.).$bCommittee on National Statistics.
=852  41$aBritish Library$bDSC$jm03/38380
=856  41$3Table of contents$uhttp://www.loc.gov/catdir/toc/fy038/2003106396.html
=856  41$uhttp://books.nap.edu/books/0309088526/html/index.html
=886  2\$2blmarc$a010$b00$a2003106396
=966  \\$lACQUIS 04/11/2003
=CAT  \\$aCONV$b00$c20040425$lBLL90$h0533
=CAT  \\$aCONV$b00$c20040502$lBLL01$h1357
=CAT  \\$aCIP_LDO_M$b00$c20050604$lBLL01$h1526
=CAT  \\$a12325$b40$c20051026$lBLL01$h1207
=CAT  \\$aBATCH-BUOC$b00$c20061019$lBLL01$h2140
=CAT  \\$a8202$b40$c20070110$lBLL01$h1431
=CAT  \\$a8202$b40$c20070112$lBLL01$h0938
=CAT  \\$aWR16_021$c20160609$lBLL01$h1937
=FIN  \\$aY$d20061019
=FMT  \\$a  BK
=LAS  \\$aWR16_021$b00$c20160609$lBLL01$h1937
=LDO  \\$aCIP
=LEO  \\$aMP8.0001889289
=LEO  \\$aMP5.0000116842
=SRC  \\$aDSC01$bbibmp8.200404.2.ac
=SRC  \\$aLDS01$bbiblm.200404.2.aa
=SRC  \\$aBNB03$bbibmp5.200404.2.aa

