=LDR  02709cam a22005774a 4500
=001  015177930
=003  Uk
=005  20090619152537.0
=008  060525s2006\\\\dcua\\\\\b\\\\001\0\eng\\
=010  \\$a  2006017677
=020  \\$a9780309101141 (pbk.)
=020  \\$a030910114X (pbk.)
=035  \\$a(OCoLC)ocm69672814
=040  \\$aDNLM/DLC$cDLC$dNLM$dNATAP$dBAKER$dC#P$dDLC$dUk
=042  \\$aukblcatcopy
=050  00$aRD129.5$b.O74 2006
=060  10$aWO 660$bI568o 2006
=082  00$a362.19795$222
=110  2\$aInstitute of Medicine (U.S.).$bCommittee on Increasing Rates of Organ Donation.
=245  10$aOrgan donation :$bopportunities for action /$cCommittee on Increasing Rates of Organ Donation, Board on Health Sciences Policy ; James F. Childress and Catharyn T. Liverman, editors.
=260  \\$aWashington, D.C. :$bNational Academies Press,$cc2006.
=300  \\$axv, 339 p. :$bill. ;$c23 cm.
=336  \\$atext$2rdacontent
=337  \\$aunmediated$2rdamedia
=338  \\$avolume$2rdacarrier
=504  \\$aIncludes bibliographical references and index.
=505  0\$aTrends and patterns -- Perspectives and principles -- Systems to support organ donation -- Expanding the population of potential donors -- Promoting and facilitating individual and family decisions to donate -- Presumed consent -- Incentives for deceased donation -- Ethical considerations in living donation -- Opportunities for action.
=530  \\$aAlso issued online.
=536  \\$aThis study was supported by Award no. HHSH23457010 between the National Academy of Sciences and the U.S. Department of Health and Human Services
=650  \0$aDonation of organs, tissues, etc.
=650  \0$aTransplantation of organs, tissues, etc.
=650  12$aTissue and Organ Procurement$xorganization & administration$zUnited States.
=650  22$aHealth Policy$zUnited States.
=650  22$aTissue Donors$xsupply & distribution$zUnited States.
=650  22$aTransplants$xsupply & distribution$zUnited States.
=690  7\$aSocial Welfare$2blcoll
=700  1\$aChildress, James F.
=700  1\$aLiverman, Catharyn T.
=852  41$aBritish Library$bDSC$jm09/.24837
=856  41$uhttp://www.nap.edu/catalog/11643.html
=856  41$3Table of contents$uhttp://www.loc.gov/catdir/toc/ecip0614/2006017677.html
=CAT  \\$a10934$b40$c20090508$lBLL01$h1335
=CAT  \\$a12630$b40$c20090619$lBLL01$h1525
=CAT  \\$aBATCH$b00$c20110625$lBLL01$h0544
=CAT  \\$aBATCH-SWP4$c20110627$lBLL01$h1628
=CAT  \\$aW1707-0052$c20170703$lBLL01$h1905
=CAT  \\$aW2308-1659$c20230923$lBLL01$h1018
=FIN  \\$aY$d20090619
=FMT  \\$a  BK
=LAS  \\$aW2308-1659$b00$c20230923$lBLL01$h1018
=SRC  \\$aBLL02

