=LDR  03397aam a2200589 a 4500
=001  013672158
=003  Uk
=005  20071122220021.0
=008  061030s2007\\\\dcua\\\\\b\\\\001\0\eng\\
=010  \\$a  2006036337
=015  \\$aGBA711778$2bnb
=016  7\$a013672158$2Uk
=020  \\$a9780309100427 (hbk.) :$c£30.99
=020  \\$a0309100429 (hbk.) :$c£30.99
=020  \\$a9780309654548 (pdf) :$cNo price
=020  \\$a0309654548 (pdf) :$cNo price
=040  \\$aStDuBDS$beng$cStDuBDS$dUk
=042  \\$aukblsr
=043  \\$an-us---
=050  00$aQ130$b.B49 2007
=082  00$a500.820973$222
=245  00$aBeyond bias and barriers :$bfulfilling the potential of women in academic science and engineering /$cCommittee on Maximizing the Potential of Women in Academic Science and Engineering ; Committee on Science, Engineering, and Public Policy ; National Academy of Sciences, National Academy of Engineering, and Institute of Medicine of the National Academies.
=260  \\$aWashington, D.C. :$bThe National Academic Press ;$aTowcester :$bOxford Publicity Partnership [distributor],$cc2007.
=300  \\$axxvii, 317 p. :$bill. ;$c24 cm.
=336  \\$atext$2rdacontent
=337  \\$aunmediated$2rdamedia
=338  \\$avolume$2rdacarrier
=500  \\$aFormerly CIP.$5Uk
=504  \\$aIncludes bibliographical references (p. [275]-299) and index.
=520  \\$aThe United States economy relies on the productivity, entrepreneurship, and creativity of its people. To maintain its scientific and engineering leadership amid increasing economic and educational globalization, the United States must aggressively pursue the innovative capacity of all of its people--women and men. Women make up an increasing proportion of science and engineering majors at all institutions, including top programs such as those at the Massachusetts Institute of Technology where women make up 51% of its science undergraduates and 35% of its engineering undergraduates. For women to participate to their full potential across all science and engineering fields, they must see a career path that allows them to reach their full intellectual potential. Much remains to be done to achieve that goal--Summary, p. S-1.
=650  \0$aWomen in science$zUnited States.
=650  \0$aWomen in engineering$zUnited States.
=650  \0$aScience$xStudy and teaching$zUnited States.
=650  \0$aEngineering$xStudy and teaching$zUnited States.
=650  \0$aWomen$xEducation$zUnited States.
=650  \0$aVocational interests$zUnited States.
=710  2\$aCommittee on Maximizing the Potential of Women in Academic Science and Engineering (U.S.)
=710  2\$aCommittee on Science, Engineering, and Public Policy (U.S.)
=852  41$aBritish Library$bHMNTS$jYK.2007.a.20108
=856  41$3Table of contents only$uhttp://www.loc.gov/catdir/toc/ecip074/2006036337.html
=856  41$uhttp://books.nap.edu/catalog.php?record_id=11741
=BUF  \\$aN$d20071116
=CAT  \\$aBATCH-CIP$b00$c20070213$lBLL01$h1701
=CAT  \\$aBATCH$b00$c20070213$lBLL01$h1702
=CAT  \\$aBATCH$b00$c20070213$lBLL01$h1708
=CAT  \\$a11168$b40$c20071116$lBLL01$h1429
=CAT  \\$a11168$b40$c20071116$lBLL01$h1431
=CAT  \\$aBATCH-BUOC$b00$c20071122$lBLL01$h2200
=CAT  \\$aWR16_021$c20160617$lBLL01$h1808
=FIN  \\$aY$d20071116
=FMT  \\$a  BK
=LAS  \\$aWR16_021$b00$c20160617$lBLL01$h1808

