=LDR  02330 am a2200541 a 4500
=001  013752766
=003  Uk
=005  20070621213704.0
=008  060621s2006\\\\dcu\\\\\\b\\\\000\0\eng\c
=010  \\$a  2006277870
=020  \\$a0309100240
=035  \\$a(OCoLC)ocm65188502
=040  \\$aCOO$cCOO$dRCE$dBAKER$dIXA$dDLC$dUk
=042  \\$aukblsr
=043  \\$an-us---
=050  00$aJK1985$b.A85 2006
=245  00$aAsking the right questions about electronic voting /$cRichard Celeste, Dick Thornburgh, and Herbert Lin, editors ; Committee on a Framework for Understanding Electronic Voting, Computer Science and Telecommunications Board, Division on Engineering and Physical Sciences, National Research Council.
=246  30$aElectronic voting
=260  \\$aWashington, D.C. :$bNational Academies Press,$cc2006.
=300  \\$axiv, 148 p. ;$c23 cm.
=336  \\$atext$2rdacontent
=337  \\$aunmediated$2rdamedia
=338  \\$avolume$2rdacarrier
=500  \\$a"This study was supported by the National Science Foundation (NSF) under Award Number IIS-0436133."--Colophon p.
=504  \\$aIncludes bibliographical references.
=530  \\$aAlso available via world wide web$uhttp://www.nap.edu/catalog/11449.html
=650  \0$aElectronic voting$zUnited States.
=650  \0$aElections$zUnited States$xData processing.
=650  \0$aVoting$xTechnological innovations.
=700  1\$aCeleste, Richard F.
=700  1\$aThornburgh, Dick.
=700  1\$aLin, Herbert.
=710  2\$aNational Research Council (U.S.).$bCommittee on a Framework for Understanding Electronic Voting.
=710  2\$aNational Research Council (U.S.).$bDivision on Engineering and Physical Sciences.
=852  41$aBritish Library$bDSC$jm07/.24884
=856  41$3Table of contents only$uhttp://www.loc.gov/catdir/toc/fy0611/2006277870.html
=856  41$uhttp://www.nap.edu/catalog/11449.html
=BUF  \\$aN2$d20070615
=CAT  \\$a7203$b40$c20070523$lBLL01$h1012
=CAT  \\$aBATCH-UPD$b40$c20070525$lBLL01$h2103
=CAT  \\$a10904$b40$c20070615$lBLL01$h0748
=CAT  \\$aBATCH-BUOC$b00$c20070621$lBLL01$h2137
=CAT  \\$aBATCH-UPD$b00$c20070621$lBLL01$h2211
=CAT  \\$aBATCH-UPD$b00$c20150406$lBLL01$h1804
=FIN  \\$aY$d20070615
=FMT  \\$a  BK
=LAS  \\$aBATCH-UPD$b00$c20150406$lBLL01$h1804
=SRC  \\$aBLL02

