=LDR  02400 am a2200517 a 4500
=001  013760403
=003  Uk
=005  20071018221750.0
=008  070406s2007\\\\dcu\\\\\\b\\\\001\0\eng\\
=010  \\$a  2007014433
=020  \\$a9780309103923 (hardcover)
=020  \\$a0309103924 (hardcover)
=020  \\$a9780309667326 (pdf)
=020  \\$a0309667321 (pdf)
=035  \\$a(OCoLC)ocn122715406
=035  \\$a(OCoLC)122715406
=040  \\$aDLC$cDLC$dYDX$dBAKER$dNATAP$dBTCTA$dYDXCP$dPSM$dIXA$dCKX$dDLC$dUk
=042  \\$aukblsr
=043  \\$an-us---
=050  00$aQA76.9.A25$bE5425 2007
=082  00$a005.8$222
=245  00$aEngaging privacy and information technology in a digital age /$cJames Waldo, Herbert S. Lin, and Lynette I. Millett, editors.
=260  \\$aWashington, D.C. :$bNational Academies Press,$cc2007.
=300  \\$axix, 430 p. ;$c24 cm.
=336  \\$atext$2rdacontent
=337  \\$aunmediated$2rdamedia
=338  \\$avolume$2rdacarrier
=504  \\$aIncludes bibliographical references and index.
=505  0\$aExecutive summary. pt. I. Thinking about privacy. Thinking about privacy -- pt. II. The backdrop for privacy. Intellectual approaches and conceptual underpinnings ; Technological drivers ; The legal landscape in the United States ; The politics of privacy policy in the United States -- pt. III. Privacy in context. Privacy and organizations ; Health and medical privacy ; Libraries and privacy ; Privacy, law enforcement, and national security -- pt. IV. Findings and recommendations. Findings and recommendations -- Appendixes. A short history of surveillance and privacy in the United States ; International perspectives on privacy ; Biographies.
=530  \\$aAlso issued online.
=650  \0$aData protection.
=650  \0$aPrivacy, Right of$zUnited States.
=700  1\$aWaldo, James.
=700  1\$aLin, Herbert.
=700  1\$aMillett, Lynette I.
=852  41$aBritish Library$bDSC$jm07/.27682
=856  41$3Table of contents only$uhttp://www.loc.gov/catdir/toc/ecip0715/2007014433.html
=856  41$uhttp://books.nap.edu/catalog.php?record_id=11896
=BUF  \\$aN2$d20070720
=CAT  \\$a7203$b40$c20070605$lBLL01$h1024
=CAT  \\$a11002$b40$c20070720$lBLL01$h0823
=CAT  \\$aBATCH-BUOC$b00$c20071018$lBLL01$h2217
=FIN  \\$aY$d20070720
=FMT  \\$a  BK
=LAS  \\$aBATCH-BUOC$b00$c20071018$lBLL01$h2217
=SRC  \\$aBLL02

