=LDR  02458 am a2200505 a 4500
=001  016055508
=003  Uk
=005  20120328154858.0
=008  111229s2011\\\\dcua\\\\\b\\\\000\0\eng\c
=020  \\$a9780309221221
=020  \\$a0309221226
=035  \\$a(OCoLC)769778444
=040  \\$aNRZ$cNRZ$dAAA$dUPM$dYDXCP$dBWX$dE7B$dUk
=042  \\$aukblderived
=043  \\$an-us---
=050  \4$aJV6483$b.B834 2011
=082  04$a342.73082$223$qUK-WkNB
=245  00$aBudgeting for immigration enforcement :$ba path to better performance /$cCommittee on Estimating Costs of Immigration Enforcement in the Department of Justice ; Steve Redburn, Peter Reuter, and Malay Majmundar, editors ; Committee on Law and Justice, Division of Behavioral and Social Sciences and Education, National Research Council of the National Academies.
=260  \\$aWashington, D.C. :$bNational Academies Press,$cc2011.
=300  \\$axiv, 159 p. :$bill. ;$c23 cm.
=336  \\$atext$2rdacontent
=337  \\$aunmediated$2rdamedia
=338  \\$avolume$2rdacarrier
=504  \\$aIncludes bibliographical references (p. 153-159).
=505  0\$aIntroduction -- Exploring the budgeting problem -- Recent patterns of unauthorized immigration -- The immigration enforcement system -- Budgeting for DOJ immigration enforcement -- Budgeting challenges -- Conclusions and recommendations.
=530  \\$aAlso available in Open Book format via the National Academies press home page.
=650  \0$aImmigration enforcement$zUnited States.
=650  \0$aImmigration enforcement$zUnited States$xMeasurement.
=700  1\$aRedburn, F. Stevens.
=700  1\$aReuter, Peter,$d1944-
=700  1\$aMajmundar, Malay Kiran.
=710  2\$aNational Research Council (U.S.).$bCommittee on Estimating Costs of Immigration Enforcement in the Department of Justice.
=710  2\$aNational Research Council (U.S.).$bCommittee on Law and Justice.
=852  41$aBritish Library$bDSC$jm12/.11369
=856  41$uhttp://www.nap.edu/catalog.php?record_id=13271
=856  40$3ebrary$uhttp://site.ebrary.com/id/10531114
=985  \\$aCorrected by MS generated file for WR# 13.051
=CAT  \\$aBATCH-APP$b00$c20120323$lBLL01$h2103
=CAT  \\$a5512$b40$c20120328$lBLL01$h1548
=CAT  \\$aBLSS-CORR$b00$c20130327$lBLL01$h1529
=CAT  \\$aBATCH-UPD$b00$c20170115$lBLL01$h2041
=FIN  \\$aY$d20120328
=FMT  \\$a  BK
=LAS  \\$aBATCH-UPD$b00$c20170115$lBLL01$h2041
=SID  \\$aZ39$bOCLC

