=LDR  03011 am a22005057a 4500
=001  016055518
=003  Uk
=005  20120329114015.0
=008  111229s2011\\\\dcua\\\\\b\\\\000\0\eng\d
=020  \\$a9780309220392
=020  \\$a0309220394
=035  \\$a(OCoLC)769756266
=040  \\$aNRZ$cNRZ$dORU$dNTD$dTOL$dYDXCP$dUAB$dCDX$dE7B$dUk
=042  \\$aukblderived
=050  \4$aR853.A53$bC49 2011
=082  04$a616.0273801$223$qUK-WkNB
=245  00$aChimpanzees in biomedical and behavioral research :$bassessing the necessity /$cCommittee on the Use of Chimpanzees in Biomedical and Behavioral Research, Board on Health Sciences Policy, Institute of Medicine, Board on Life Sciences, Division on Earth and Life Studies ; Bruce M. Altevogt ... [et al.], editors ; Institute of Medicine and National Research Council of the National Academies.
=260  \\$aWashington, DC :$bNational Academies Press,$cc2011.
=300  \\$ax, 190 p. :$bill. ;$c23 cm.
=336  \\$atext$2rdacontent
=337  \\$aunmediated$2rdamedia
=338  \\$avolume$2rdacarrier
=504  \\$aIncludes bibliographical references.
=520  \\$a"For many years, experiments using chimpanzees have been instrumental in advancing scientific knowledge and have led to new medicines to prevent life-threatening and debilitating diseases. However, recent advances in alternate research tools have rendered chimpanzees largely unnecessary as research subjects. The Institute of Medicine, in collaboration with the National Research Council, conducted an in-depth analysis of the scientific necessity for chimpanzees in NIH-funded biomedical and behavioral research. The committee concludes that while the chimpanzee has been a valuable animal model in the past, most current biomedical research use of chimpanzees is not necessary, though noted that it is impossible to predict whether research on emerging or new diseases may necessitate chimpanzees in the future"--Publisher description.
=530  \\$aAlso available on the Internet.
=650  \0$aChimpanzees as laboratory animals$xMoral and ethical aspects.
=650  \0$aChimpanzees as laboratory animals.
=650  \0$aAnimal experimentation$xMoral and ethical aspects.
=650  \0$aResearch$xMoral and ethical aspects.
=650  \0$aAnimal models in research.
=650  \0$aChimpanzees.
=700  1\$aAltevogt, Bruce M.
=710  2\$aCommittee on the Use of Chimpanzees in Biomedical and Behavioral Research (U.S.)
=852  41$aBritish Library$bDSC$jm12/.11393
=856  41$uhttp://www.nap.edu/catalog.php?record%5Fid=13257
=856  40$3ebrary$uhttp://site.ebrary.com/id/10531115
=985  \\$aCorrected by MS generated file for WR# 13.051
=CAT  \\$aBATCH-APP$b00$c20120323$lBLL01$h2103
=CAT  \\$a11002$b40$c20120329$lBLL01$h1140
=CAT  \\$aBLSS-CORR$b00$c20130327$lBLL01$h1529
=CAT  \\$aBATCH-UPD$b00$c20191230$lBLL01$h1700
=FIN  \\$aY$d20120329
=FMT  \\$a  BK
=LAS  \\$aBATCH-UPD$b00$c20191230$lBLL01$h1700
=SID  \\$aZ39$bOCLC

