=LDR  03661 am a2200589 a 4500
=001  016092850
=003  Uk
=005  20120531103745.0
=007  cr\cn|||||||||
=008  111209s2011\\\\dcua\\\\\b\\\\100\0\eng\\
=020  \\$a9780309215770
=020  \\$a0309215773
=035  \\$a(OCoLC)767887348$z(OCoLC)768830186
=040  \\$aNLM$beng$cNLM$dNRZ$dNDD$dAZS$dUPM$dORU$dYDXCP$dCDX$dUk
=042  \\$aukblderived
=043  \\$an-us---
=060  00$a2012 D-441
=060  10$aWA 590
=082  04$a614.40973$223$qUK-WkNB
=245  00$aPromoting health literacy to encourage prevention and wellness :$bworkshop summary /$cLyla Hernandez and Suzanne Landi, rapporteurs ; Roundtable on Health Literacy, Board on Population Health and Public Health Practice, Institute of Medicine of the National Academies.
=260  \\$aWashington, DC :$bNational Academies Press,$cc2011.
=300  \\$axiv, 101 p. :$bill. ;$c23 cm.
=336  \\$atext$2rdacontent
=337  \\$acomputer$2rdamedia
=338  \\$aonline resource$2rdacarrier
=504  \\$aIncludes bibliographical references (p. 99-101).
=505  0\$aThe role of health literacy in primary and secondary prevention -- Commissioned paper on integrating health literacy into primary and secondary prevention strategies -- Panel reactions -- Intersection of health literacy and public health prevention programs and information for enrollees -- Industry contributions to providing health.
=520  \\$a"Health literacy has been shown to affect health outcomes. The use of preventive services improves health and prevents costly health care expenditures. Several studies have found that health literacy makes a difference in the extent to which populations use preventive services. On September 15, 2009, the Institute of Medicine Roundtable on Health Literacy held a workshop to explore approaches to integrate health literacy into primary and secondary prevention. Promoting Health Literacy to Encourage Prevention and Wellness serves as a factual account of the discussion that took place at the workshop. The report describes the inclusion of health literacy into public health prevention programs at the national, state, and local levels; reviews how insurance companies factor health literacy into their prevention programs; and discusses industry contributions to providing health literate primary and secondary prevention"--Publisher's description.
=530  \\$aAlso issued online.
=650  \0$aHealth education$xMethods$zUnited States.
=650  \0$aHealth promotion$zUnited States.
=650  \0$aCommunication in medicine$zUnited States.
=650  \0$aTelecommunication in medicine$zUnited States.
=700  1\$aHernandez, Lyla M.
=700  1\$aLandi, Suzanne$q(Suzanne N.).
=710  2\$aInstitute of Medicine (U.S.).$bRoundtable on Health Literacy.
=710  2\$aInstitute of Medicine (U.S.)
=710  2\$aNational Academies Press (U.S.)
=776  08$iAlso available online:$dWashington, D.C. : National Academies Press, 2011.$z9780309215770
=852  41$aBritish Library$bDSC$jm12/.12421
=856  4\$uhttp://www.nap.edu/catalog.php?record%5Fid=13186
=856  41$3National Academies Press$uhttp://www.nap.edu/catalog.php?record_id=13186
=985  \\$aCorrected by MS generated file for WR# 13.051
=CAT  \\$aBATCH-APP$b00$c20120525$lBLL01$h2100
=CAT  \\$a11131$b40$c20120531$lBLL01$h1037
=CAT  \\$aBLSS-CORR$b00$c20130327$lBLL01$h1529
=CAT  \\$aW1707-0052$c20170703$lBLL01$h1918
=CAT  \\$aBATCH-UPD$b00$c20170704$lBLL01$h0254
=FIN  \\$aY$d20120531
=FMT  \\$a  BK
=LAS  \\$aBATCH-UPD$b00$c20170704$lBLL01$h0254
=SID  \\$aZ39$bOCLC

