=LDR  05335 am a2200553 a 4500
=001  016092852
=003  Uk
=005  20120531111830.0
=007  cr\cn|||||||||
=008  120214s2012\\\\dcu\\\\\\b\\\\000\0\eng\\
=020  \\$a9780309221948
=020  \\$a0309221943
=035  \\$a(OCoLC)776702464
=040  \\$aNLM$beng$cNLM$dNRZ$dAAA$dUPM$dYDXCP$dCOO$dUk
=042  \\$aukblderived
=043  \\$an-us---
=050  \4$aRA412.2$b.N3842 2012
=060  00$a2012 D-657
=060  10$aW 26.5
=082  04$a610.285$223$qUK-WkNB
=110  2\$aNational Research Council (U.S.).$bCommittee on Future Information Architectures, Processes, and Strategies for the Centers for Medicare and Medicaid Services.
=245  10$aStrategies and priorities for information technology at the Centers for Medicare and Medicaid Services /$cEdward H. Shortlife, Lynette I. Millett, editors ; Committee on Future Information Architectures, Processes, and Strategies for the Centers for Medicare and Medicaid Services, Computer Science and Telecommunications Board, Division on Engineering and Physical Sciences, National Research Council of the National Academies.
=260  \\$aWashington, D.C. :$bNational Academies Press,$cc2012.
=300  \\$axiv, 177 p. ;$c23 cm.
=336  \\$atext$2rdacontent
=337  \\$acomputer$2rdamedia
=338  \\$aonline resource$2rdacarrier
=504  \\$aIncludes bibliographic references.
=505  0\$aContext -- Essential Considerations and Background -- Toward a Comprehensive Strategic Technology Plan -- A Meta-Methodology for the Modernization and Transformation of Business and Information Ecosystems -- Achieving Cultural and Organizational Transformation -- Anticipating a Data-Centric Future Appendix A: Statement of Task -- Appendix B: Briefers to the Committee -- Appendix C: Biosketches of Committee Members and Staff -- Appendix D: Sources and Uses of Data Within the Centers for Medicare and Medicaid Services -- Appendix E: A Two-Phase Approach to Modernization and Transformation of Business and Information Ecosystems -- Appendix F: Glossary -- Appendix G: Acronyms.
=520  \\$a"The Centers for Medicare and Medicaid Services (CMS) is the agency in the Department of Health and Human Services responsible for providing health coverage for seniors and people with disabilities, for limited-income individuals and families, and for children--totaling almost 100 million beneficiaries. The agency's core mission was established more than four decades ago with a mandate to focus on the prompt payment of claims, which now total more than 1.2 billion annually. With CMS's mission expanding from its original focus on prompt claims payment come new requirements for the agency's information technology (IT) systems. Strategies and Priorities for Information Technology at the Centers for Medicare and Medicaid Services reviews CMS plans for its IT capabilities in light of these challenges and to make recommendations to CMS on how its business processes, practices, and information systems can best be developed to meet today's and tomorrow's demands. .The report's recommendations and conclusions offered cluster around the following themes: (1) the need for a comprehensive strategic technology plan; (2) the application of an appropriate metamethodology to guide an iterative, incremental, and phased transition of business and information systems; (3) the criticality of IT to high-level strategic planning and its implications for CMS's internal organization and culture; and (4) the increasing importance of data and analytical efforts to stakeholders inside and outside CMS. Given the complexity of CMS's IT systems, there will be no simple solution. Although external contractors and advisory organizations will play important roles, CMS needs to assert well-informed technical and strategic leadership. .The report argues that the only way for CMS to succeed in these efforts is for the agency, with its stakeholders and Congress, to recognize resolutely that action must be taken, to begin the needed cultural and organizational transformations, and to develop the appropriate internal expertise to lead the initiative with a comprehensive, incremental, iterative, and integrated approach that effectively and strategically integrates business requirements and IT capabilities."--Publisher's description.
=530  \\$aAlso available in Open Book format via the National Academies Press home page.
=650  \0$aHealth insurance$xInformation technology$zUnited States.
=650  \0$aMedicare$xInformation technology.
=650  \0$aMedicaid$xInformation technology.
=650  \0$aMedical informatics$zUnited States.
=700  1\$aShortliffe, Edward Hance.
=700  1\$aMillett, Lynette I.
=852  41$aBritish Library$bDSC$jm12/.12417
=856  4\$uhttp://www.nap.edu/catalog.php?record%5Fid=13281
=856  41$3National Academies Press$uhttp://www.nap.edu/catalog.php?record_id=13281
=985  \\$aCorrected by MS generated file for WR# 13.051
=CAT  \\$aBATCH-APP$b00$c20120525$lBLL01$h2100
=CAT  \\$a11131$b40$c20120531$lBLL01$h1118
=CAT  \\$aBLSS-CORR$b00$c20130327$lBLL01$h1529
=CAT  \\$aW1707-0052$c20170703$lBLL01$h1918
=FIN  \\$aY$d20120531
=FMT  \\$a  BK
=LAS  \\$aW1707-0052$b00$c20170703$lBLL01$h1918
=SID  \\$aZ39$bOCLC

