=LDR  02119 am a2200517 a 4500
=001  013821703
=003  Uk
=005  20070920213657.0
=008  060825s2007\\\\dcuab\\\\b\\\\001\0\eng\\
=010  \\$a  2006028538
=020  \\$a030910159X (hardback)
=020  \\$a9780309101592 (hardback)
=035  \\$a(OCoLC)ocm71223250
=035  \\$a(OCoLC)71223250
=040  \\$aDNLM/DLC$cDLC$dNLM$dBAKER$dNATAP$dOCLCA$dBTCTA$dC#P$dYDXCP$dDLC$dUk
=042  \\$aukblsr
=050  00$aRG649$b.P744 2007
=082  00$a618.397$222
=245  00$aPreterm birth :$bcauses, consequences, and prevention /$cCommittee on Understanding Premature Birth and Assuring Healthy Outcomes, Board on Health Sciences Policy ; Richard E. Behrman and Adrienne Stith Butler, editors.
=260  \\$aWashington, D.C. :$bNational Academies Press,$cc2007.
=300  \\$axvi, 772 p. :$bill., map ;$c24 cm.
=336  \\$atext$2rdacontent
=337  \\$aunmediated$2rdamedia
=338  \\$avolume$2rdacarrier
=504  \\$aIncludes bibliographical references (p. 493-589) and index.
=530  \\$aAlso issued online.
=650  \0$aPremature labor.
=650  12$aPremature Birth$xdiagnosis$zUnited States.
=650  22$aPremature Birth$xeconomics$zUnited States.
=650  22$aPremature Birth$xprevention & control$zUnited States.
=650  22$aPublic Policy$zUnited States.
=700  1\$aBehrman, Richard E.,$d1931-
=700  1\$aButler, Adrienne Stith.
=710  2\$aInstitute of Medicine (U.S.).$bCommittee on Understanding Premature Birth and Assuring Healthy Outcomes.
=852  41$aBritish Library$bDSC$jm07/.31718
=856  41$uhttp://www.nap.edu/catalog/11622.html
=856  41$3Table of contents only$uhttp://www.loc.gov/catdir/toc/ecip0620/2006028538.html
=BUF  \\$aN2$d20070918
=CAT  \\$a8084$b40$c20070820$lBLL01$h0916
=CAT  \\$aBATCH-UPD$b40$c20070820$lBLL01$h0916
=CAT  \\$a11257$b40$c20070918$lBLL01$h0945
=CAT  \\$aBATCH-BUOC$b00$c20070920$lBLL01$h2136
=CAT  \\$aW1707-0052$c20170703$lBLL01$h1854
=FIN  \\$aY$d20070918
=FMT  \\$a  BK
=LAS  \\$aW1707-0052$b00$c20170703$lBLL01$h1854

