=LDR  02439cam a2200541 a 4500
=001  014529801
=003  Uk
=005  20220223143326.0
=008  060417s2006\\\\dcuac\\\\b\\\\100\0\eng\\
=010  \\$a  2006012949
=020  \\$a0309096014 (pbk.)
=035  \\$a(OCoLC)ocm67282712
=040  \\$aDNLM/DLC$cDLC$dNLM$dNATAP$dIXA$dDLC$dUk
=042  \\$aukblsr
=050  00$aRB153$b.E53 2006
=060  10$aQX 45$bE56 2006
=082  00$a616.9041$222
=245  00$aEnding the war metaphor :$bthe changing agenda for unraveling the host-microbe relationship : workshop summary /$cForum on Microbial Threats, Board on Global Health.
=260  \\$aWashington, DC :$bNational Academies Press,$cc2006.
=300  \\$axix, 286 p. :$bill. ;$c23 cm.
=336  \\$atext$2rdacontent
=337  \\$aunmediated$2rdamedia
=338  \\$avolume$2rdacarrier
=504  \\$aIncludes bibliographical references.
=505  0\$aMicrobial communities of the gut -- Beyond the gut : insights from other host-microbe systems -- The ecology of pathogenesis -- The host response to pathogens -- Addressing complexity in microbial host communities -- Manipulating host-microbe interactions : probiotic research and regulations.
=530  \\$aAlso issued online.
=591  \\$aPapers.
=650  \0$aHost-parasite relationships$vCongresses.
=650  \0$aCommunicable diseases$xTransmission$vCongresses.
=650  \0$aMicrobiology$vCongresses.
=650  12$aHost-Parasite Relations$vCongresses.
=650  22$aCommunicable Diseases, Emerging$xmicrobiology$vCongresses.
=650  22$aCommunicable Diseases, Emerging$xprevention & control$vCongresses.
=650  22$aDrug Resistance, Microbial$vCongresses.
=710  2\$aInstitute of Medicine (U.S.).$bForum on Microbial Threats.
=852  41$aBritish Library$bDSC$jm08/.17377
=856  41$3Table of contents$uhttp://www.loc.gov/catdir/toc/ecip0612/2006012949.html
=856  41$uhttp://www.nap.edu/catalog/11669.html
=CAT  \\$a7203$b40$c20080226$lBLL01$h1214
=CAT  \\$a8962$b40$c20080327$lBLL01$h1544
=CAT  \\$aW1707-0052$c20170703$lBLL01$h1858
=CAT  \\$a14185$b40$c20220223$lBLL01$h1433
=CAT  \\$aW2308-1659$c20230923$lBLL01$h1119
=CNF  \\$aEnding the war metaphor - the changing agenda for unraveling the host-microbe relationship (Workshop)$d(2005 Mar)
=FIN  \\$aY$d20080327
=FMT  \\$a  BK
=LAS  \\$aW2308-1659$b00$c20230923$lBLL01$h1119
=SRC  \\$aBLL02

