=LDR  03928cam a2200757 a 4500
=001  014905849
=003  Uk
=005  20090313083028.0
=008  030709s2003\\\\dcua\\\\\b\\\\101\0\eng\\
=010  \\$a2003015125
=020  \\$a0309087031 (hardcover)
=020  \\$a9780309087032 (hardcover)
=020  \\$a030952587X (PDF)
=020  \\$a9780309525879 (PDF)
=035  \\$a(OCoLC)52602738
=040  \\$aDLC$cDLC$dVAM$dMUQ$dBAKER$dNATAP$dBTCTA$dYDXCP$dUk
=042  \\$aukblsr
=043  \\$an-us---
=050  00$aHV741$b.W69 2001
=082  00$a362.70973$222
=111  2\$aWorkshop on Caring for Infants and Toddlers$d(2001 :$cWashington, D.C.)
=245  10$aWorking families and growing kids :$bcaring for children and adolescents /$cCommittee on Family and Work Policies ; Eugene Smolensky and Jennifer Appleton Gootman, editors.
=260  \\$aWashington, D.C. :$bNational Academies Press,$cc2003.
=300  \\$axi, 354 p. :$bill. ;$c24 cm.
=336  \\$atext$2rdacontent
=337  \\$aunmediated$2rdamedia
=338  \\$avolume$2rdacarrier
=500  \\$a"Board on Children, Youth, and Families, Division of Behavioral and Social Sciences and Education."
=500  \\$a"This report is a product of the Committee on Family and Work Policies, a project of the National Research Council (NRC) and the Institute of Medicine (IOM)"--P. vii.
=500  \\$aA report based on presentations from a one-day October 2001 Workshop on Caring for Infants and Toddlers convened by the Committee, with additional data from other researchers and consultants.
=504  \\$aIncludes bibliographical references (p. 281-326) and index.
=505  0\$a1. Setting the stage -- 2. Work and family trends -- 3. Trends in the care of children -- 4. Maternal employment and the family environment -- 5. Effects of child care -- 6. Parental employment and adolescent development -- 7. Effects of welfare reform -- 8. Public policies to support working families -- 9. Findings and next steps.
=530  \\$aAlso available in electronic form via the Internet as viewed 1/12/2004.
=530  \\$aAlso issued online.
=591  \\$aPapers.
=650  \0$aChild welfare$zUnited States$vCongresses.
=650  \0$aChildren of working parents$xCare$zUnited States.
=650  \0$aSchool-age child care$zUnited States$vCongresses.
=650  \0$aChild development$zUnited States$vCongresses.
=650  \0$aWork and family$xGovernment policy$zUnited States$vCongresses.
=650  \2$aChild Development$zUnited States$vCongresses.
=650  \2$aWomen, Working$zUnited States$vCongresses.
=650  \2$aFamily$zUnited States$vCongresses.
=650  \2$aChild Welfare$zUnited States$vCongresses.
=650  \6$aEnfants$xProtection, assistance, etc.$zÉtats-Unis$vCongrès.
=650  \6$aEnfants de parents au travail$xSoins$zÉtats-Unis.
=650  \6$aGarde des enfants d'âge scolaire$zÉtats-Unis$vCongrès.
=690  7\$aSocial Welfare$2blcoll
=700  1\$aSmolensky, Eugene.
=700  1\$aGootman, Jennifer Appleton.
=710  2\$aCommittee on Family and Work Policies (U.S.)
=710  2\$aNational Research Council (U.S.).$bBoard on Children, Youth, and Families.
=710  2\$aNational Research Council (U.S.).$bDivision of Behavioral and Social Sciences and Education.
=852  41$aBritish Library$bDSC$jm09/.16727
=856  41$uhttp://www.nap.edu/catalog/10669.html
=856  41$3Table of contents$uhttp://www.loc.gov/catdir/toc/ecip046/2003015125.html
=CAT  \\$a7040$b40$c20090213$lBLL01$h1042
=CAT  \\$a8962$b40$c20090313$lBLL01$h0830
=CAT  \\$aBATCH$b00$c20110625$lBLL01$h0542
=CAT  \\$aBATCH-SWP4$c20110627$lBLL01$h1627
=CAT  \\$aW2308-1659$c20230923$lBLL01$h1135
=CNF  \\$aWorkshop on Caring for Infants and Toddlers$d(2001 :$cWashington, D.C.)
=FIN  \\$aY$d20090313
=FMT  \\$a  BK
=LAS  \\$aW2308-1659$b00$c20230923$lBLL01$h1135
=SID  \\$aZ39$bOCLC

