=LDR  02166 am a2200553 a 4500
=001  010282198
=003  Uk
=005  20051025112924.0
=008  030304s2003\\\\nyu\\\\\\b\\\o001\0\eng\d
=010  \\$a2003103424  
=015  \\$aGBA589941$2bnb
=020  \\$a0309086167 (cased) :$cNo price
=020  \\$a0309507243 (PDF)
=040  \\$aVET$cVET$dNDD$dDLC$dUk
=042  \\$aukblsr
=043  \\$an-us---$aa-vt---
=050  00$aRA1242.T44$bI57 2003
=082  00$a615.95137$222
=110  2\$aInstitute of Medicine (U.S.).$bCommittee to Review the Health Effects in Vietnam Veterans of Exposure to Herbicides.
=245  10$aVeterans and agent orange :$bupdate 2002 /$cCommittee to Review the Health Effects in Vietnam Veterans of Exposure to Herbicides, Board on Health Promotion and Disease Prevention, Institute of Medicine of the National Academies.
=250  \\$a4th biennial update.
=260  \\$aWashington, D.C. ;$a[Great Britain] :$bNational Academies Press,$cc2003.
=300  \\$axvi, 619 p. ;$c24 cm.
=336  \\$atext$2rdacontent
=337  \\$aunmediated$2rdamedia
=338  \\$avolume$2rdacarrier
=504  \\$aIncludes bibliographical references and index.
=530  \\$aAlso available on the Internet.
=650  \0$aAgent Orange$xHealth aspects.
=650  \0$aAgent Orange$xToxicology.
=650  \0$aVietnamese Conflict, 1961-1975$xVeterans$xHealth risk assessment$zUnited States.
=650  \2$aDioxins$xadverse effects$zVietnam.
=650  \2$aEnvironmental Exposure$zVietnam.
=650  \2$aHerbicides$xadverse effects$zVietnam.
=650  \2$aVeterans$zVietnam.
=650  \2$aWar$zVietnam.
=852  41$aBritish Library$bHMNTS$jYC.2005.a.12136
=856  41$3In National Academy Press$uhttp://www.nap.edu/books/0309086167/html/
=957  \\$r10/3/04$tM/37810-34
=CAT  \\$aCONV$b00$c20040425$lBLL90$h0918
=CAT  \\$aCONV$b00$c20040502$lBLL01$h1353
=CAT  \\$a5004$b40$c20051017$lBLL01$h1208
=CAT  \\$a12179$b40$c20051025$lBLL01$h1129
=FIN  \\$aY$d20051025
=FMT  \\$a  BK
=LAS  \\$a12179$b40$c20051025$lBLL01$h1129
=LDO  \\$aBLEF$bhbk
=SRC  \\$aLDS01$bbiblm.200404.2.aa
=SRC  \\$aBLL02

