=LDR  04294 am a2200565 i 4500
=001  017581340
=003  Uk
=005  20151221164443.0
=008  150527s2015\\\\dcua\\\\\b\\\\100\0\eng\d
=020  \\$a9780309316668
=020  \\$a0309316669
=035  \\$a(OCoLC)910207316$z(OCoLC)911835076$z(OCoLC)918881141
=040  \\$aUNL$beng$cUNL$dNRZ$dKSU$dIXA$dYDXCP$dCDX$dBTCTA$dOCLCF$dOCLCO$dUk$erda
=042  \\$aukblderived
=050  \4$aRA445$b.B87 2014
=082  04$a362.1$223
=111  2\$aBusiness Engagement in Population Health Improvement (Workshop)$d(2014 :$cNew York, N.Y.)
=245  10$aBusiness engagement in building healthy communities :$bworkshop summary /$cTheresa Wizemann, Rapporteur ; Roundtable on Population Health Improvement ; Board on Population Health and Public Health Practice ; Institute of Medicine of the National Academies.
=264  \1$aWashington, D.C. :$bThe National Academies Press,$c[2015]
=264  \4$c©2015
=300  \\$axv, 83 pages :$bcolor illustrations ;$c23 cm
=336  \\$atext$btxt$2rdacontent
=337  \\$aunmediated$bn$2rdamedia
=338  \\$avolume$bnc$2rdacarrier
=504  \\$aIncludes bibliographical references (pages 69-70).
=505  0\$aIntroduction -- Lessons from the Blue Zones -- Why should businesses engage in population health improvement -- The impact of business on population health -- Community / population health as an intentional business strategy -- Stimulating and supporting business engagement in health improvement -- Reflections on the day -- Appendix A: References -- Appendix B: Workshop agenda -- Appendix C: Biographical sketches of workshop speakers.
=520  \\$a"Business Engagement in Building Healthy Communities is the summary of a workshop convened by the Institute of Medicine's Roundtable on Population Health Improvement in July 2014 to consider the role of business in improving population health beyond the usual worksite wellness and health promotion activities. The workshop followed previous roundtable discussions on the importance of applying a health lens to decision making in non-health sectors and the need for cross-sector collaborations to advance population health. Invited speakers included representatives from several businesses that have taken action to improve the health of their communities and representatives of business coalitions on health. The workshop was designed to discuss why engaging in population health improvement is good for business; explore how businesses can be effective key leaders in improving the health of communities; and discuss ways in which businesses can engage in population health improvement. This report is a record of the presentations and discussion of the event" -- Publisher's description.
=530  \\$aAlso available via the World Wide Web.
=591  \\$aReport.
=650  \0$aCommunity health services$zUnited States$xBusiness management$vCongresses.
=650  \7$aCommunity health services$xBusiness management.$2fast$0(OCoLC)fst00870966
=651  \7$aUnited States.$2fast$0(OCoLC)fst01204155
=655  \7$aConference papers and proceedings.$2fast$0(OCoLC)fst01423772
=690  7\$aSocial Welfare$2blcoll
=700  1\$aWizemann, Theresa M.,$erapporteur.
=710  2\$aInstitute of Medicine (U.S.).$bRoundtable on Population Health Improvement,$eissuing body.
=710  2\$aInstitute of Medicine (U.S.).$bBoard on Population Health and Public Health Practice,$eissuing body.
=776  08$aBusiness Engagement in Population Health Improvement (Workshop) (2014 : New York, N.Y.).$tBusiness engagement in building healthy communities.$w(OCoLC)908936446$dWashington, D.C. : National Academies Press, [2015]
=852  41$aBritish Library$bHMNTS$jYK.2016.a.8
=856  41$3National Academies Press$uhttp://www.nap.edu/catalog.php?record_id=19003
=CAT  \\$a11253$b40$c20151015$lBLL01$h1028
=CAT  \\$aBATCH-UPD$b40$c20151015$lBLL01$h1029
=CAT  \\$a10904$b40$c20151125$lBLL01$h1146
=CAT  \\$a7143$b40$c20151221$lBLL01$h1644
=CAT  \\$aBATCH-SWP$c20160108$lBLL01$h2220
=CNF  \\$aBusiness engagement in population health improvement (Workshop)$d(2014 Jul :$cNew York, N.Y.)
=FIN  \\$aY$d20151125
=FMT  \\$a  BK
=LAS  \\$aBATCH-SWP$b00$c20160108$lBLL01$h2220
=SID  \\$aZ39$bOCLC

