=LDR  05096cam a22005417i 4500
=001  017581431
=003  Uk
=005  20151105135348.0
=008  150305t20152015dcuad\\\\b\\\\000\0\eng\d
=010  \\$a  2015935250
=020  \\$a9780309317122 (pbk.)
=020  \\$a0309317126 (pbk.)
=035  \\$a(OCoLC)ocn907097149
=040  \\$aBTCTA$beng$cBTCTA$dNRZ$dOCLCO$dYDXCP$dIXA$dOCLCO$dKSU$dNTD$dDLC$dUk$erda
=042  \\$aukblderived
=050  00$aHV5763$b.U53 2015
=082  00$a363.45$223
=245  00$aUnderstanding the U.S. illicit tobacco market :$bcharacteristics, policy context, and lessons from international experiences /$cCommittee on the Illicit Tobacco Market : Collection and Analysis of the International Experience ; Peter Reuter and Malay Majmundar, Editors ; Committee on Law and Justice ; Division of Behavioral and Social Sciences and Education ; Board on Population Health and Public Health Practice ; Institute of Medicine ; National Research Council and Institute of Medicine of the National Academies.
=264  \1$aWashington, D.C. :$bNational Academies Press,$c[2015]
=264  \4$c©2015
=300  \\$axiv, 226 pages :$bcolor illustrations, charts ;$c23 cm
=336  \\$atext$btxt$2rdacontent
=337  \\$aunmediated$bn$2rdamedia
=338  \\$avolume$bnc$2rdacarrier
=504  \\$aIncludes bibliographical references (pages 197-219).
=505  0\$a1. Introduction -- 2. Characteristics of the illicit tobacco market -- 3. Participants in the illicit tobacco market -- 4. Measuring the size of the illicit tobacco market -- 5. Interventions in the illicit tobacco market: policy and regulatory options -- 6. Interventions in the illicit tobacco market: law enforcement -- 7. Interventions in the illicit tobacco market: international case studies -- 8. Possible changes in tobacco products: considering consumer and supply responses.
=520  \\$a"Tobacco use has declined because of measures such as high taxes on tobacco products and bans on advertising, but worldwide there are still more than one billion people who regularly use tobacco, including many who purchase products illicitly. By contrast to many other commodities, taxes comprise a substantial portion of the retail price of cigarettes in the United States and most other nations. Large tax differentials between jurisdictions increase incentives for participation in existing illicit tobacco markets. In the United States, the illicit tobacco market consists mostly of bootlegging from low-tax states to high-tax states and is less affected by large-scale smuggling or illegal production as in other countries. In the future, nonprice regulation of cigarettes - such as product design, formulation, and packaging - could in principle, contribute to the development of new types of illicit tobacco markets. Understanding the U.S.Illicit Tobacco Market reviews the nature of illicit tobacco markets, evidence for policy effects, and variations among different countries with a focus on implications for the United States. This report estimates the portion of the total U.S. tobacco market represented by illicit sales has grown in recent years and is now between 8.5 percent and 21 percent. This represents between 1.24 to 2.91 billion packs of cigarettes annually and between 2.95 billion and 6.92 billion in lost gross state and local tax revenues. Understanding the U.S. Illicit Tobacco Market describes the complex system associated with illicit tobacco use by exploring some of the key features of that market - the cigarette supply chain, illicit procurement schemes, the major actors in the illicit trade, and the characteristics of users of illicit tobacco.This report draws on domestic and international experiences with the illicit tobacco trade to identify a range of possible policy and enforcement interventions by the U.S. federal government and/or states and localities."--Publisher's description.
=650  \0$aTobacco use$xHealth aspects$xResearch$zUnited States.
=650  \0$aTobacco use$zUnited States$xPrevention.
=650  \0$aProducts liability$xTobacco$xResearch$zUnited States.
=690  7\$aSocial Welfare$2blcoll
=700  1\$aReuter, Peter,$d1944-$eeditor.
=700  1\$aMajmundar, Malay Kiran,$eeditor.
=710  2\$aNational Research Council (U.S.).$bCommittee on the Illicit Tobacco Market.
=710  2\$aNational Research Council (U.S.).$bCommittee on Law and Justice,$eissuing body.
=710  2\$aInstitute of Medicine (U.S.).$bBoard on Population Health and Public Health Practice,$eissuing body.
=852  41$aBritish Library$bDSC$jm15/.11584
=856  41$3National Academies Press$uhttp://www.nap.edu/openbook.php?record_id=19016
=CAT  \\$a11253$b40$c20151015$lBLL01$h1237
=CAT  \\$a11002$b40$c20151105$lBLL01$h1353
=CAT  \\$aBATCH-SWP$c20151113$lBLL01$h2212
=CAT  \\$aBATCH-UPD$b00$c20170115$lBLL01$h2041
=CAT  \\$aBATCH-UPD$b00$c20170127$lBLL01$h1631
=CAT  \\$aW2308-1659$c20230923$lBLL01$h1002
=FIN  \\$aY$d20151105
=FMT  \\$a  BK
=LAS  \\$aW2308-1659$b00$c20230923$lBLL01$h1002
=SRC  \\$aBLL02

