=LDR  04188 am a22004457i 4500
=001  017706174
=003  Uk
=005  20160121083118.0
=008  151023t20152015dcua\\\\\b\\\\000\0\eng\d
=020  \\$a9780309376457
=020  \\$a0309376459
=020  \\$z9780309376464
=035  \\$a(OCoLC)926822932
=040  \\$aYDXCP$beng$cYDXCP$dNRZ$dOCLCO$dNRZ$dOCLCO$dKSU$dUk$erda
=042  \\$aukblderived
=050  \4$aHV9950$b.N38 2015
=110  2\$aNational Academies of Sciences, Engineering, and Medicine (U.S.).$bCommittee on Strengthening Forensic Science at the National Institute of Justice.,$eauthor.
=245  10$aSupport for forensic science research :$bimproving the scientific role of the National Institute of Justice /$cCommittee on Strengthening Forensic Science at the National Institute of Justice, Committee on Law and Justice, Division on Behavioral and Social Sciences and Education, the National Academies of Sciences, Engineering, and Medicine.
=246  30$aImproving the scientific role of the National Institute of Justice
=264  \1$aWashington, D.C. :$bNational Academies Press,$c[2015]
=264  \4$c©2015
=300  \\$axv, 100 pages :$billustrations (some color) ;$c23 cm
=336  \\$atext$btxt$2rdacontent
=337  \\$aunmediated$bn$2rdamedia
=338  \\$avolume$bnc$2rdacarrier
=504  \\$aIncludes bibliographical references (pages 73-76).
=505  0\$aIntroduction -- Forensic science in the United States -- Research operations of the National Institute of Justice -- Forensic science research at NIJ : a blueprint for the future.
=520  \\$a"Reliable and valid forensic science analytic techniques are critical to a credible, fair, and evidence-based criminal justice system. There is widespread agreement that the scientific foundation of some currently available forensic science methods needs strengthening and that additional, more efficient techniques are urgently needed. These needs can only be met through sustained research programs explicitly designed to ensure and improve the reliability and validity of current methods and to foster the development and use of new and better techniques. This task is challenging due to the broad nature of the field. Concerns have been raised repeatedly about the ability of the criminal justice system to collect and analyze evidence efficiently and to be fair in its verdicts. Although significant progress has been made in some forensic science disciplines, the forensic science community still faces many challenges. Federal leadership, particularly in regard to research and the scientific validation of forensic science methods, is needed to help meet the pressing issues facing state and local jurisdictions. This report reviews the progress made by the National Institute of Justice (NIJ) to advance forensic science research since the 2009 report, Strengthening Forensic Science in the United States: A Path Forward and the 2010 report, Strengthening the National Institute of Justice. Support for Forensic Science Research examines the ways in which NIJ develops its forensic science research priorities and communicates those priorities as well as its findings to the scientific and forensic practitioner communities in order to determine the impact of NIJ forensic science research programs and how that impact can be enhanced"--Publisher's description.
=610  20$aNational Institute of Justice (U.S.)$xEvaluation.
=650  \0$aForensic sciences$zUnited States$xEvaluation.
=650  \0$aCriminal justice, Administration of$zUnited States.
=776  08$aNational Academies of Sciences, Engineering, and Medicine (U.S.). Committee on Strengthening Forensic Science at the National Institute of Justice.$tSupport for forensic science research.$w(OCoLC)928070329$dWashington, D.C. : National Academies Press, [2015]$z9780309376464
=852  41$aBritish Library$bDSC$jm16/.10174
=856  41$3National Academies Press$uhttp://www.nap.edu/read/21772/chapter/1
=CAT  \\$aCOUTTS-2$b00$c20160113$lBLL01$h2107
=CAT  \\$a11131$b40$c20160121$lBLL01$h0831
=FIN  \\$aY$d20160121
=FMT  \\$a  BK
=LAS  \\$a11131$b40$c20160121$lBLL01$h0831
=SID  \\$aZ39$bOCLC

