=LDR  04345 am a22005537i 4500
=001  017718516
=003  Uk
=005  20161220141233.0
=008  160128s2015\\\\dcuab\\\\b\\\|0|0\0|eng\d
=010  \\$a2015458807
=020  \\$a9780309371056 (paperback)
=020  \\$a0309371058 (paperback)
=035  \\$a(OCoLC)ocn911498703
=040  \\$aYDXCP$beng$cYDXCP$dNRZ$dOCLCO$dBTCTA$dOCLCO$dKSU$dOCLCO$dOCLCF$dOCLCO$dOCLCA$dDLC$dUk$erda
=042  \\$aukblsr
=050  00$aRA645.O23$bC76 2014
=082  04$a362.196398$223
=245  00$aCross-sector responses to obesity :$bmodels for change /$cSteve Olson, rapporteur ; Roundtable on Obesity Solutions, Food and Nutrition Board, Institute of Medicine of the National Academies.
=264  \1$aWashington, D.C. :$bThe National Academies Press,$c[2015]
=300  \\$axiii, 141 pages :$billustrations (some color), map (colour) ;$c23 cm
=336  \\$atext$btxt$2rdacontent
=337  \\$aunmediated$bn$2rdamedia
=338  \\$avolume$bnc$2rdacarrier
=504  \\$aIncludes bibliographical references.
=505  0\$aHealth Equity -- Sustainability -- Leadership -- Measurement -- The National Prevention Council: Bringing Federal Agencies Together to Build Health and Resilience in Americans -- A Statewide Strategy in the Battle Against Child Obesity in Delaware -- PLACE MATTERS: Building People Power to Tackle Fundamental Causes of Obesity in Cook County, Illinois -- PowerUp: Mobilizing Against Obesity in St. Croix Valley, Minnesota, and Wisconsin -- Community Transformation in the Sault Ste. Marie Tribe of Chippewa Indians in Michigan -- Concluding Remarks -- Appendix A: Workshop Agenda -- Appendix B: National Prevention Council Cross-Sector Case Study -- Appendix C: Delaware Cross-Sector Case Study -- Appendix D: Cook County PLACE MATTERS Case Study -- Appendix E: PowerUp in the St. Croix Valley (MN/WI) Case Study -- Appendix F: Sault Ste. Marie Tribe of Chippewa Indians Cross-Sector Case Study -- Appendix G: Acronyms and Abbreviations -- Appendix H: Speaker Biographical Sketches.
=520  \\$a"Obesity affects 17 percent of children and adolescents and almost 36 percent of adults in the United States. Conservative estimates suggest that obesity now accounts for almost 20 percent of national health care spending. Until the obesity epidemic is reversed, obesity will continue to drive rates of chronic diseases such as heart disease, stroke, type 2 diabetes, and certain types of cancer. Cross-Sector Responses to Obesity is a summary of a workshop convened by the Institute of Medicine Roundtable on Obesity Solutions in September 2014 to explore models of cross-sector work that may reduce the prevalence and consequences of obesity. This report identifies case studies of cross-sector initiatives that engage partners from diverse fields, and lessons learned from and barriers to established cross-sector initiatives"--$cPublisher's description.
=611  20$aCross-Sector Work on Obesity Prevention, Treatment, and Weight Maintenance : Models for Change (Workshop)$d(2014 :$cWashington, D.C.)
=650  \0$aObesity$zUnited States$xPrevention.
=650  \0$aMedical policy$zUnited States.
=650  \7$aMedical policy.$2fast$0(OCoLC)fst01014505
=650  \7$aObesity$xPrevention.$2fast$0(OCoLC)fst01042754
=651  \7$aUnited States.$2fast$0(OCoLC)fst01204155
=655  \7$aConference papers and proceedings.$2fast$0(OCoLC)fst01423772
=690  7\$aSocial Welfare$2blcoll
=700  1\$aOlsen, Steve,$d1956-$econtributor.
=710  2\$aInstitute of Medicine (U.S.).$bRoundtable on Obesity Solutions.
=776  08$iOnline version:$aCross-sector Responses to Obesity (Workshop) (2014).$tCross-sector responses to obesity.$w(OCoLC)911179594$dWashington, D.C. : The National Academies Press, 2015$z9780309371063
=852  41$aBritish Library$bHMNTS$jYD.2016.a.1057
=856  41$3National Academies Press$uhttp://www.nap.edu/openbook.php?record_id=21706
=CAT  \\$aCOUTTS-2$b00$c20160126$lBLL01$h1751
=CAT  \\$aBATCH-UPD$b00$c20160126$lBLL01$h1752
=CAT  \\$a10904$b40$c20160318$lBLL01$h1355
=CAT  \\$a11014$b40$c20160321$lBLL01$h1543
=CAT  \\$aBATCH-SWP$c20160401$lBLL01$h2211
=CAT  \\$a7416$b40$c20161220$lBLL01$h1412
=FIN  \\$aY$d20160321
=FMT  \\$a  BK
=LAS  \\$a7416$b40$c20161220$lBLL01$h1412
=SRC  \\$aBLL02

