=LDR  02967cam a2200565 i 4500
=001  017718630
=003  Uk
=005  20230223162549.0
=008  150818t20152015dcua\\\\\b\\\\100\0\eng\d
=020  \\$a030937586X (pbk)
=020  \\$a9780309375863 (pbk)
=035  \\$a(OCoLC)918924931$z(OCoLC)922913947
=040  \\$aYDXCP$beng$cYDXCP$dOCLCQ$dAZS$dOCLCO$dNRZ$dOCLCF$dOCLCO$dZCU$dCOO$dOCLCO$dBTCTA$dNTD$dUk$erda
=042  \\$aukblcatcopy
=043  \\$an-us---$as-bl---
=100  1\$aRusek, Ben,$eauthor.
=245  10$aBrazil-U.S. Workshop on Strengthening the Culture of Nuclear Safety and Security :$bsummary of a workshop /$cBenjamin Rusek and Micah Lowenthal, rapporteurs ; Policy and Global Affairs, National Academy of Sciences ; in cooperation with Instituto de Pesquisas Energéticas e Nucleares, São Paulo, Brazil.
=264  \1$aWashington, D.C. :$bNational Academies Press,$c[2015]
=264  \4$c©2015
=300  \\$axi, 87 pages :$billustrations ;$c23 cm
=336  \\$atext$btxt$2rdacontent
=337  \\$aunmediated$bn$2rdamedia
=338  \\$avolume$bnc$2rdacarrier
=504  \\$aIncludes bibliographical references.
=530  \\$aAlso issued online.
=650  \0$aNuclear energy$zUnited States$xSafety measures$vCongresses.
=650  \0$aNuclear energy$zBrazil$xSafety measures$vCongresses.
=650  \0$aNuclear facilities$zUnited States$xSafety measures$vCongresses.
=650  \0$aNuclear facilities$zBrazil$xSafety measures$vCongresses.
=650  \7$aNuclear energy$xSafety measures.$2fast$0(OCoLC)fst01040013
=650  \7$aNuclear facilities$xSafety measures.$2fast$0(OCoLC)fst01040151
=651  \7$aBrazil.$2fast$0(OCoLC)fst01206830
=651  \7$aUnited States.$2fast$0(OCoLC)fst01204155
=655  \7$aConference papers and proceedings.$2fast$0(OCoLC)fst01423772
=700  1\$aLowenthal, Micah,$eauthor.
=710  2\$aNational Research Council (U.S.).$bPolicy and Global Affairs,$eissuing body.
=710  2\$aInstituto de Pesquisas Energéticas e Nucleares (Brazil),$eissuing body.
=711  2\$aBrazil-U.S. Workshop on Strengthening the Culture of Nuclear Safety and Security$d(2014 :$cSão Paulo, Brazil)
=776  08$aBrazil-U.S. Workshop on Strengthening the Culture of Nuclear Safety and Security (2014 : São Paulo, Brazil).$tBrazil-U.S. Workshop on Strengthening the Culture of Nuclear Safety and Security.$w(OCoLC)918941172$dWashington, D.C. : The National Academies Press, [2015]$z9780309375870
=852  41$aBritish Library$bDSC$jm16/.10776
=856  41$3National Academies Press$uhttp://www.nap.edu/openbook.php?record_id=21761
=985  \\$aUpdated by MS generated file for WR2302-017
=CAT  \\$aCOUTTS-2$b00$c20160126$lBLL01$h1801
=CAT  \\$a9701$b40$c20160309$lBLL01$h0911
=CAT  \\$a9701$b40$c20160309$lBLL01$h0913
=CAT  \\$aW2302-0174$c20230223$lBLL01$h2006
=FIN  \\$aY$d20160309
=FMT  \\$a  BK
=LAS  \\$aW2302-0174$b00$c20230223$lBLL01$h2006
=SID  \\$aZ39$bOCLC

