=LDR  04034 am a2200481 i 4500
=001  017718686
=003  Uk
=005  20160309085204.0
=008  150831t20152015dcuad\\\\b\\\\000\0\eng\d
=020  \\$a0309373425 (pbk)
=020  \\$a9780309373425 (pbk)
=035  \\$a(OCoLC)919480221
=040  \\$aYDXCP$beng$cYDXCP$dNRZ$dWVU$dOCLCF$dKSU$erda
=042  \\$aukblcatcopy
=050  \4$aRA441$b.I559 2015
=245  00$aImproving quality of care in low- and middle-income countries :$bworkshop summary /$cGillian J. Buckley and Rachel E. Pittluck, rapporteurs ; Board on Global Health, Institute of Medicine, the National Academies of Sciences, Engineering, and Medicine.
=264  \1$aWashington, DC :$bNational Academies Press,$c[2015]
=264  \4$c©2015
=300  \\$axviii, 108 pages :$bcolor illustrations, color charts ;$c23 cm
=336  \\$atext$btxt$2rdacontent
=337  \\$aunmediated$bn$2rdamedia
=338  \\$avolume$bnc$2rdacarrier
=500  \\$a"Workshop on Improving Quality of Care in Low- and Middle-Income Countries, January 28-29, 2015, the Keck Center, 500 Fifth Street NW, Washington, DC 20001"--Page 89.
=504  \\$aIncludes bibliographical references (pages 85-88).
=505  0\$aAn overview of quality of care in low- and middle-income countries -- Six widely used methods to improve quality -- Reviewing the evidence for different quality improvement methods -- Synthesizing evidence, identifying gaps -- Cross-cutting approaches to improve quality -- Appendices.
=520  \\$a"Quality of care is a priority for U.S. Agency for International Development (USAID). The agency's missions abroad and their host country partners work in quality improvement, but a lack of evidence about the best ways to facilitate such improvements has constrained their informed selection of interventions. Six different methods - accreditation, COPE, improvement collaborative, standards-based management and recognitions (SBM-R), supervision, and clinical in-service training - currently make up the majority of this investment for USAID missions. As their already substantial investment in quality grows, there is demand for more scientific evidence on how to reliably improve quality of care in poor countries. USAID missions, and many other organizations spending on quality improvement, would welcome more information about how different strategies work to improve quality, when and where certain tools are most effective, and the best ways to measure success and shortcomings. To gain a better understanding of the evidence supporting different quality improvement tools and clarity on how they would help advance the global quality improvement agenda, the Institute of Medicine convened a 2-day workshop in January 2015. The workshop's goal was to illuminate these different methods, discussing their pros and cons. This workshop summary is a description of the presentations and discussions"--Publisher's description.
=650  \0$aMedical care$xQuality control$vCongresses.
=650  \0$aMedical care$xEvaluation$vCongresses.
=650  \7$aMedical care$xEvaluation.$2fast$0(OCoLC)fst01013794
=650  \7$aMedical care$xQuality control.$2fast$0(OCoLC)fst01013833
=651  \0$aDeveloping countries$xHealth aspects$vCongresses.
=700  1\$aBuckley, Gillian J.,$erapporteur.
=700  1\$aPittluck, Rachel E.,$erapporteur.
=710  2\$aInstitute of Medicine (U.S.).$bBoard on Global Health,$eissuing body.
=776  08$aImproving Quality of Care in Low- and Middle-Income Countries (Workshop) (2015 : Washington, D.C.).$tImproving quality of care in low- and middle-income countries.$w(OCoLC)930149896$dWashington, D.C. : National Academies Press, [2015]
=852  41$aBritish Library$bDSC$jm16/.10780
=856  41$3National Academies Press$uhttp://www.nap.edu/read/21736/chapter/1
=CAT  \\$aCOUTTS-2$b00$c20160126$lBLL01$h1801
=CAT  \\$a9701$b40$c20160309$lBLL01$h0852
=FIN  \\$aY$d20160309
=FMT  \\$a  BK
=LAS  \\$a9701$b40$c20160309$lBLL01$h0852
=SID  \\$aZ39$bOCLC

