=LDR  04053 am a2200601 i 4500
=001  017718687
=003  Uk
=005  20160309090644.0
=008  150914t20152015dcua\\\\\b\\\\000\0\eng\d
=020  \\$a0309373522 (pbk)
=020  \\$a9780309373524 (pbk)
=035  \\$a(OCoLC)921133524$z(OCoLC)919480278$z(OCoLC)922913937
=040  \\$aCDX$beng$cCDX$dYDXCP$dWVU$dOCLCO$dKSU$dNRZ$dBTCTA$dOCLCF$dOCLCA$dUk$erda
=042  \\$aukblcatcopy
=082  04$a338.6$223
=111  2\$aInnovation, Diversity, and Success in the SBIR/STTR Programs$d(2013 :$cWashington, DC)
=245  10$aInnovation, diversity, and the SBIR/STTR programs :$bsummary of a workshop /$cSujai J. Shivakumar and David E. Dierksheide, rapporteurs ; Committee on Capitalizing on Science, Technology, and Innovation: An Assessment of the Small Business Innovation Research Program--Phase II ; Board on Science, Technology, and Economic Policy ; Policy and Global Affairs ; The National Academies of Sciences, Engineering, and Medicine.
=264  \1$aWashington, DC :$bNational Academies Press,$c[2015]
=264  \4$c©2015
=300  \\$axiv, 81 pages :$billustrations ;$c23 cm
=336  \\$atext$btxt$2rdacontent
=337  \\$aunmediated$bn$2rdamedia
=338  \\$avolume$bnc$2rdacarrier
=504  \\$aIncludes bibliographical references (pages 67-81).
=505  0\$aIntroduction -- Moving forward: finding solutions -- Opening remarks: defining the issue -- Women and the SBIR program -- Profiles of scientists and engineers and an aging workforce -- SBIR/STTR and support for socially and economically disadvantaged scientists and engineers -- Cases of successful high-tech entrepreneurship -- Roundtable discussion.
=520  \\$aOn February 7, 2013, the committee convened a workshop titled "Innovation, Diversity, and Success in the SBIR/STTR Programs" to examine the participation of women, minorities, and other underrepresented groups in the SBIR/STTR programs and identify ways to increase that participation. The workshop examined both broad demographic trends in the science and engineering workforce and the need for more female and minority representation within that workforce, as well as pragmatic solutions to boost SBIR awards to women and minorities. This is that workshop summary.
=650  \0$aSmall business$xTechnological innovations.
=650  \0$aMinority business enterprises.
=650  \0$aMinorities in technology.
=650  \0$aMinorities in science.
=650  \0$aWomen in technology.
=650  \7$aMinorities in science.$2fast$0(OCoLC)fst01023286
=650  \7$aMinorities in technology.$2fast$0(OCoLC)fst01023294
=650  \7$aMinority business enterprises.$2fast$0(OCoLC)fst01023309
=650  \7$aSmall business$xTechnological innovations.$2fast$0(OCoLC)fst01121372
=650  \7$aWomen in technology.$2fast$0(OCoLC)fst01177989
=690  7\$aManagement and Business Studies$2blcoll
=700  1\$aShivakumar, Sujai J.,$erapporteur.
=700  1\$aDierksheide, David E.,$erapporteur.
=710  2\$aNational Research Council (U.S.).$bCommittee on Capitalizing on Science, Technology, and Innovation: An Assessment of the Small Business Innovation Research Program,$eissuing body.
=710  2\$aNational Research Council (U.S.).$bBoard on Science, Technology, and Economic Policy,$esponsoring body.
=710  2\$aNational Research Council (U.S.).$bPolicy and Global Affairs,$esponsoring body.
=776  08$aCommittee on Capitalizing on Science, Technology, and Innovation.$tInnovation, diversity, and the SBIR/STTR programs.$w(OCoLC)922580577$dWashington : National Academies Press, 2015
=852  41$aBritish Library$bDSC$jm16/.10777
=856  41$3National Academies Press$uhttp://www.nap.edu/read/21738/chapter/1
=CAT  \\$aCOUTTS-2$b00$c20160126$lBLL01$h1801
=CAT  \\$a9701$b40$c20160309$lBLL01$h0903
=CAT  \\$a9701$b40$c20160309$lBLL01$h0906
=CAT  \\$aBATCH-MBS$c20160318$lBLL01$h2111
=FIN  \\$aY$d20160309
=FMT  \\$a  BK
=LAS  \\$aBATCH-MBS$b00$c20160318$lBLL01$h2111
=SID  \\$aZ39$bOCLC

