=LDR  05567 am a2200661 i 4500
=001  017718717
=003  Uk
=005  20160309090003.0
=008  150805t20152015dcu\\\\\\b\\\\100\0\eng\d
=020  \\$a0309374510 (pbk)
=020  \\$a9780309374514 (pbk)
=035  \\$a(OCoLC)916590432$z(OCoLC)920374512$z(OCoLC)922913946
=040  \\$aYDXCP$beng$cYDXCP$dNRZ$dOCLCO$dOCLCF$dOCLCO$dCOO$dNDD$dOCLCO$dZCU$dIXA$dCDX$dBTCTA$dUk$erda
=042  \\$aukblcatcopy
=043  \\$af-ug---$af-ke---$af-tz---
=050  \4$aHV6626.23.U38$bP748 2015
=060  \4$aWA 308
=082  04$a362.8$223
=111  2\$aPreventing Intimate Partner Violence in Uganda, Kenya, and Tanzania (Workshop)$d(2014 :$cKampala, Uganda)
=245  10$aPreventing intimate partner violence in Uganda, Kenya, and Tanzania :$bsummary of a joint workshop by the Institute of Medicine, the National Research Council , and the Uganda National Academy of Sciences /$cLouise Flavahan, Rapporteur, Forum on Global Violence Prevention, Board on Global Health, Institute of Medicine and National Research Council of the National Academies.
=264  \1$aWashington, D.C. :$bNational Academies Press,$c2015.
=264  \4$c© 2015
=300  \\$axiii, 94 pages ;$c23 cm
=336  \\$atext$btxt$2rdacontent
=337  \\$aunmediated$bn$2rdamedia
=338  \\$avolume$bnc$2rdacarrier
=500  \\$a"On August 11-12, 2014, a 2-day joint workshop by the Institute of Medicine, the National Research Council , and the Uganda National Academy of Sciences called Preventing intimate partner violence in Uganda, Kenya, and Tanzania was held in Kampala, Uganda."--Page 73.
=504  \\$aIncludes bibliographical references.
=505  0\$aIntimate Partner Violence in East Africa -- The Intersection of IPV and HIV -- Responding to Intimate Partner Violence and Its Consequences -- Community Intervention Efforts to Reduce IPV in the Region -- Connecting Research, Practice, and Policy -- The Way Forward -- Appendix A: Workshop Statement of Task -- Appendix B: List of Speakers and Their Presentation Titles by Chapter -- Appendix C: Workshop Agenda -- Appendix D: Workshop Speaker Biographies.
=520  \\$a"Globally, between 15-71 percent of women will experience physical and/or sexual abuse from an intimate partner at some point in their lifetime. Too often this preventable form of violence is repetitive in nature, occurring at multiple points across the lifespan. The prevalence of intimate partner violence is on the higher end of this spectrum in East Africa, with in-country demographic and health surveys indicating that approximately half of all women between the ages of 15-49 in Uganda, Kenya, and Tanzania having experienced physical or sexual abuse within a partnership. It is now widely accepted that preventing intimate partner violence is possible and can be achieved through a greater understanding of the problem; its risk and protective factors; and effective evidence-informed primary, secondary, and tertiary prevention. To that end, on August 11-12, 2014, the Institute of Medicine's Forum on Global Violence Prevention, in a collaborative partnership with the Uganda National Academy of Sciences, convened a workshop focused on informing and creating synergies within a diverse community of researchers, health workers, and decision makers committed to promoting intimate partner violence-prevention efforts that are innovative, evidence-based, and crosscutting. This workshop brought together a variety of stakeholders and community workers from Uganda, Kenya, and Tanzania to engage in a meaningful, multidirectional dialogue regarding intimate partner violence in the region. Preventing Intimate Partner Violence in Uganda, Kenya, and Tanzania summarizes the presentations and discussion of the workshop."--Publisher's description.
=650  \0$aFamily violence$xPrevention$vCongresses.
=650  \0$aVictims of family violence$vCongresses.
=650  \0$aFamily violence$zTanzania$xPrevention.
=650  \0$aFamily violence$zUganda.
=650  \7$aFamily violence.$2fast$0(OCoLC)fst00920540
=650  \7$aFamily violence$xPrevention.$2fast$0(OCoLC)fst00920553
=650  \7$aVictims of family violence.$2fast$0(OCoLC)fst01166326
=651  \7$aTanzania.$2fast$0(OCoLC)fst01210143
=651  \7$aUganda.$2fast$0(OCoLC)fst01210282
=655  \7$aConference papers and proceedings.$2fast$0(OCoLC)fst01423772
=690  7\$aSocial Welfare$2blcoll
=700  1\$aFlavahan, Louise,$erapporteur.
=710  2\$aInstitute of Medicine (U.S.).$bForum on Global Violence Prevention,$eissuing body.
=710  2\$aInstitute of Medicine (U.S.).$bBoard on Global Health,$eissuing body.
=710  2\$aNational Research Council (U.S.),$eissuing body.
=710  2\$aUganda National Academy of Sciences,$eissuing body.
=776  08$aPreventing Intimate Partner Violence in Uganda, Kenya, and Tanzania (Workshop) (2014 : Kampala, Uganda).$tPreventing intimate partner violence in Uganda, Kenya, and Tanzania.$w(OCoLC)917658030$dWashington, D.C. : National Academies Press, [2015]
=852  41$aBritish Library$bDSC$jm16/.10778
=856  41$3National Academies Press$uhttp://www.nap.edu/openbook.php?record_id=21756
=CAT  \\$aCOUTTS-2$b00$c20160126$lBLL01$h1801
=CAT  \\$aBATCH-UPD$b00$c20160126$lBLL01$h1801
=CAT  \\$a9701$b40$c20160309$lBLL01$h0859
=CAT  \\$a9701$b40$c20160309$lBLL01$h0900
=CAT  \\$aBATCH-SWP$c20160318$lBLL01$h2220
=FIN  \\$aY$d20160309
=FMT  \\$a  BK
=LAS  \\$aBATCH-SWP$b00$c20160318$lBLL01$h2220
=SID  \\$aZ39$bOCLC

