=LDR  03137 am a2200469 i 4500
=001  017718724
=003  Uk
=005  20160304091027.0
=008  151029t20152015dcua\\\\\b\\\\000\0\eng\d
=020  \\$a9780309376402 (pbk)
=020  \\$a0309376408
=035  \\$a(OCoLC)928122421$z(OCoLC)922165470
=040  \\$aBTCTA$beng$cBTCTA$dAZS$dNRZ$dCUT$dOCLCF$dWVU$dYDXCP$dOCLCQ$dOCLCO$dUk$erda
=042  \\$aukblcatcopy
=043  \\$an-us-co
=050  \4$aUG447$b.R4853 2015
=245  00$aReview criteria for successful treatment of hydrolysate at the Blue Grass chemical agent destruction pilot plant /$cCommittee on Review Criteria for Successful Treatment of Hydrolysate at the Pueblo and Blue Grass Chemical Agent Destruction Pilot Plants, Board on Army Science and Technology, Division on Engineering and Physical Sciences, the National Academies of Sciences, Engineering, Medicine.
=264  \1$aWashington, D.C. :$bNational Academies Press,$c[2015]
=264  \4$c©2015
=300  \\$axvi, 85 pages :$billustrations (chiefly color) ;$c28 cm
=336  \\$atext$btxt$2rdacontent
=337  \\$aunmediated$bn$2rdamedia
=338  \\$avolume$bnc$2rdacarrier
=504  \\$aIncludes bibliographical references.
=505  0\$aThe supercritical water oxidation and water recovery system processes planned for use at the Blue Grass Chemical Agent Destruction Pilot Plant -- Stakeholder interests and issues -- Regulatory requirements for offsite hydrolysate shipment and treatment -- Transportation of chemical materials -- Hydrolyste treatment criteria for success and decision framework -- Underperformance and failure risks, systemization, and contingency options.
=530  \\$aAlso issued online.
=650  \0$aChemical weapons disposal$zColorado.
=650  \0$aChemical weapons disposal$xEnvironmental aspects$zColorado.
=650  \7$aChemical weapons disposal.$2fast$0(OCoLC)fst00853257
=650  \7$aChemical weapons disposal$xEnvironmental aspects.$2fast$0(OCoLC)fst00853258
=651  \7$aColorado.$2fast$0(OCoLC)fst01210251
=710  2\$aNational Academies of Sciences, Engineering, and Medicine (U.S.).$bCommittee on Review Criteria for Successful Treatment of Hydrolysate at the Pueblo and Blue Grass Chemical Agent Destruction Pilot Plants,$eissuing body.
=710  2\$aNational Academies of Sciences, Engineering, and Medicine (U.S.).$bBoard on Army Science and Technology,$esponsoring body.
=776  08$aNational Research Council (U.S.). Committee On Review Criteria for Successful Treatment of Hydrolysate at the Pueblo and Blue Grass Chemical Agent Destruction Pilot Plants.$tReview Criteria for successful treatment of Hydrolysate at the Blue Grass Chemical Agent Destruction Pilot Plant.$w(OCoLC)926046947$dWashington, DC : National Academies Press, 2015$z9780309376419
=852  41$aBritish Library$bDSC$jm16/.10773
=856  41$3National Academies Press$uhttp://www.nap.edu/read/21771/chapter/1
=CAT  \\$aCOUTTS-2$b00$c20160126$lBLL01$h1801
=CAT  \\$a9701$b40$c20160304$lBLL01$h0910
=FIN  \\$aY$d20160304
=FMT  \\$a  BK
=LAS  \\$a9701$b40$c20160304$lBLL01$h0910
=SID  \\$aZ39$bOCLC

