=LDR  02948 am a2200433 i 4500
=001  017718725
=003  Uk
=005  20160304091525.0
=008  150925t20152015dcuab\\\\b\\\\000\0\eng\c
=020  \\$a0309377102
=020  \\$a9780309377102
=035  \\$a(OCoLC)922165832
=040  \\$aYDXCP$beng$cYDXCP$dNRZ$dIXA$erda
=042  \\$aukblcatcopy
=110  2\$aNational Academies of Sciences, Engineering, and Medicine (U.S.).$bCommittee To Review The 21st Century Truck Partnership, Phase 3,$eauthor.
=245  10$aReview of the 21st century truck partnership :$bthird report /$cCommittee To Review The 21st Century Truck Partnership, Phase 3 ; Board on Energy and Environment Systems, Division on Engineering and Physical Sciences, the National Academies of Sciences, Engineering, Medicine.
=264  \1$aWashington, D.C. :$bNational Academies Press,$c[2015]
=264  \4$c© 2015
=300  \\$axvi,185 pages :$bcolor illustrations, color maps ;$c28 cm
=336  \\$atext$btxt$2rdacontent
=337  \\$aunmediated$bn$2rdamedia
=338  \\$avolume$bnc$2rdacarrier
=504  \\$aIncludes bibliographical references.
=505  0\$aManagement strategy and priority setting -- Engine systems, aftertreatment, fuels, lubricants, and materials -- Hybrid vehicles -- Vehicle power demands -- Engine idle reduction -- Safety -- Super truck program -- Efficient operations -- Appendices.
=520  \\$a"The 21st Century Truck Partnership (21CTP) works to reduce fuel consumption and emissions, increase heavy-duty vehicle safety, and support research, development, and demonstration to initiate commercially viable products and systems. This report is the third in a series of three by the National Academies of Sciences, Engineering, and Medicine that have reviewed the research and development initiatives carried out by the 21CTP. Review of the 21st Century Truck Partnership, Third Report builds on the Phase 1 and 2 reviews and reports, and also comments on changes and progress since the Phase 2 report was issued in 2012."--Publisher's description.
=650  \0$aTrucks$xEnvironmental aspects$zUnited States.
=650  \0$aTrucks$xEnergy consumption$zUnited States.
=650  \0$aTrucks$xFuel consumption.
=650  \0$aTrucks$xPollution control devices.
=650  \0$aTruck industry$zUnited States$xSafety measures.
=776  08$aNational Academies of Sciences, Engineering, and Medicine (U.S.). Committee To Review The 21st Century Truck Partnership, Phase 3.$tReview of the 21st century truck partnership.$w(OCoLC)930630875$dWashington, D.C. : National Academies Press, [2015]$z9780309377119
=852  41$aBritish Library$bDSC$jm16/.10771
=856  41$3National Academies Press$uhttp://www.nap.edu/read/21784/chapter/1
=CAT  \\$aCOUTTS-2$b00$c20160126$lBLL01$h1801
=CAT  \\$a9701$b40$c20160304$lBLL01$h0915
=FIN  \\$aY$d20160304
=FMT  \\$a  BK
=LAS  \\$a9701$b40$c20160304$lBLL01$h0915
=SID  \\$aZ39$bOCLC

