=LDR  04325cam a2200589 i 4500
=001  017718729
=003  Uk
=005  20230223162549.0
=008  150727t20152015dcua\\\\\b\\\\100\0\eng\d
=020  \\$a030937412X (pbk)
=020  \\$a9780309374125 (pbk)
=035  \\$a(OCoLC)914572577$z(OCoLC)918788176$z(OCoLC)918881149
=040  \\$aYDXCP$beng$cYDXCP$dAZS$dOCLCO$dZCU$dOCLCO$dCUT$dNRZ$dOCLCO$dCOO$dOCLCO$dOCLCF$dOCLCO$dNTD$dOCLCO$dCDX$dBTCTA$dUk$erda
=042  \\$aukblcatcopy
=082  04$a362.7$223
=100  1\$aPatel, Deepali,$eauthor.
=245  10$aScaling program investments for young children globally :$bevidence from Latin America and the Caribbean : summary of a joint workshop by the Institute of Medicine, the National Research Council, and Fundação Maria Cecilia Souto Vidigal, São Paulo /$cDeepali M. Patel and Sarah M. Tracey, rapporteurs ; Forum on Investing in Young Children Globally, Board on Children, Youth and Families, Board on Global Health, Institute of Medicine and National Research Council of the National Academies.
=264  \1$aWashington, D.C. :$bNational Academies Press,$c[2015]
=264  \4$c©2015
=300  \\$axx, 66 pages :$bcolor illustrations ;$c23 cm
=336  \\$atext$btxt$2rdacontent
=337  \\$aunmediated$bn$2rdamedia
=338  \\$avolume$bnc$2rdacarrier
=504  \\$aIncludes bibliographical references.
=505  0\$aNo small matter : the importance of investing in young children globally -- Grand challenges for investing in young children globally -- Evidence of impact at scale -- Maintaining quality at scale -- Perspectives on governance -- Components of scaling and sutainability.
=520  \\$a"This report summarizes a joint workshop convened by the Institute of Medicine and National Research Council with Fundacao Maria Cecilia Souto Vidigal in November 2014 in Sao Paulo, Brazil. The workshop presentations and discussions highlighted efforts made to scale program investments across health, education, nutrition, and social protection that aim to improve children's developmental potential. Speakers explored four topics around scaling up program investments: impact, scalability, sustainability, and governance. Participants shared their experiences scaling up programs and implementing early childhood services into a comprehensive national policy. Scaling Program Investments for Young Children Globally synthesizes up-to-date evidence on effective programs and interventions in Latin America and other regions, including an account of their strengths and challenges. This report highlights the presentations and discussions of the event."--Publisher's description.
=650  \0$aChild welfare$vCongresses.
=650  \0$aChildren$xHealth and hygiene$vCongresses.
=650  \0$aInvestments$vCongresses.
=650  \7$aChild welfare.$2fast$0(OCoLC)fst00854709
=650  \7$aChildren$xHealth and hygiene.$2fast$0(OCoLC)fst00854953
=650  \7$aInvestments.$2fast$0(OCoLC)fst00978234
=655  \7$aConference papers and proceedings.$2fast$0(OCoLC)fst01423772
=690  7\$aSocial Welfare$2blcoll
=700  1\$aTracey, Sarah M.,$eauthor.
=710  2\$aForum on Investing in Young Children Globally,$eissuing body.
=710  2\$aNational Research Council (U.S.).$bBoard on Children, Youth, and Families,$eissuing body.
=710  2\$aInstitute of Medicine (U.S.).$bBoard on Global Health,$eissuing body.
=776  08$aScaling Program Investments for Young Children Globally: Evidence from Latin America and the Caribbean (Workshop) (2014 : São Paulo, Brazil).$tScaling program investments for young children globally.$w(OCoLC)914165953$dWashington, D.C. : National Academies Press, [2015]$z9780309374132
=852  41$aBritish Library$bDSC$jm16/.10802
=856  41$3National Academies Press$uhttp://www.nap.edu/openbook.php?record_id=21749
=985  \\$aUpdated by MS generated file for WR2302-017
=CAT  \\$aCOUTTS-2$b00$c20160126$lBLL01$h1801
=CAT  \\$a9701$b40$c20160308$lBLL01$h1400
=CAT  \\$aBATCH-SWP$c20160311$lBLL01$h2215
=CAT  \\$aBATCH-UPD$b00$c20161222$lBLL01$h2032
=CAT  \\$aBATCH-UPD$b00$c20170127$lBLL01$h1632
=CAT  \\$aW2302-0174$c20230223$lBLL01$h2006
=FIN  \\$aY$d20160308
=FMT  \\$a  BK
=LAS  \\$aW2302-0174$b00$c20230223$lBLL01$h2006
=SID  \\$aZ39$bOCLC

