=LDR  03956 am a2200493 i 4500
=001  017718735
=003  Uk
=005  20160304092613.0
=008  151221t20152015dcua\\\\\b\\\\000\0\eng\d
=020  \\$a9780309377355 (pbk)
=020  \\$a0309377358 (pbk)
=020  \\$z9780309377362 (electronic)
=020  \\$z0309377366 (electronic)
=035  \\$a(OCoLC)933249805
=040  \\$aUNL$beng$cUNL$dKSU$dUk$erda
=042  \\$aukblcatcopy
=043  \\$an-us---
=050  \4$aQB500.266.U5$bN38 2015
=110  2\$aNational Academies of Sciences, Engineering, and Medicine (U.S.).$bCommittee on Survey of Surveys: Lessons Learned from the Decadal Survey Process.
=245  14$aThe space science decadal surveys :$blessons learned and best practices /$cCommittee on Survey of Surveys: Lessons Learned from the Decadal Survey Process, Space Studies Board, Division on Engineering and Physical Sciences, the National Academies of Sciences, Engineering, Medicine.
=264  \1$aWashington, DC :$bThe National Academies Press,$c[2015]
=264  \4$c©2015
=300  \\$axii, 128 pages :$bcolor illustrations ;$c28 cm
=336  \\$atext$btxt$2rdacontent
=337  \\$aunmediated$bn$2rdamedia
=338  \\$avolume$bnc$2rdacarrier
=504  \\$aIncludes bibliographical references.
=505  0\$aDecadal surveys : community consensus in science priorities -- The decadal survey process -- The decadal survey's recommended program -- Implementing the decadal survey.
=520  \\$aThe National Research Council has conducted 11 decadal surveys in the Earth and space sciences since 1964 and released the latest four surveys in the past 8 years. The decadal surveys are notable in their ability to sample thoroughly the research interest, aspirations, and needs of a scientific community. Through a rigorous process, a primary survey committee and thematic panels of community members construct a prioritized program of science goals and objectives and define an executable strategy for achieving them. These reports play a critical role in defining the nation's agenda in that science area for the following 10 years, and often beyond. The Space Science Decadal Surveys considers the lessons learned from previous surveys and presents options for possible changes and improvements to the process, including the statement of task, advanced preparation, organization, and execution. This report discusses valuable aspects of decadal surveys that could taken further, as well as some challenges future surveys are likely to face in searching for the richest areas of scientific endeavor, seeking community consensus of where to go next, and planning how to get there. The Space Science Decadal Surveys describes aspects in the decadal survey prioritization process, including balance in the science program and across the discipline; balance between the needs of current researchers and the development of the future workforce; and balance in mission scale - smaller, competed programs versus large strategic missions.
=530  \\$aAlso published electronically.
=650  \0$aSpace sciences$xResearch$zUnited States$xForecasting.
=650  \0$aAstronomy$xResearch$zUnited States$xForecasting.
=650  \0$aAstrophysics$xResearch$zUnited States$xForecasting.
=710  2\$aNational Academies of Sciences, Engineering, and Medicine (U.S.).$bSpace Studies Board.
=710  2\$aNational Academies of Sciences, Engineering, and Medicine (U.S.).$bDivision on Engineering and Physical Sciences.
=852  41$aBritish Library$bDSC$jm16/.10770
=856  40$3National Academies Press$uhttp://www.nap.edu/catalog.php?record_id=21788
=856  40$3EBSCOhost$uhttp://search.ebscohost.com/login.aspx?direct=true&scope=site&db=nlebk&db=nlabk&AN=1053912
=CAT  \\$aCOUTTS-2$b00$c20160126$lBLL01$h1801
=CAT  \\$a9701$b40$c20160304$lBLL01$h0926
=FIN  \\$aY$d20160304
=FMT  \\$a  BK
=LAS  \\$a9701$b40$c20160304$lBLL01$h0926
=SID  \\$aZ39$bOCLC

