=LDR  03265 am a2200565 i 4500
=001  017718747
=003  Uk
=005  20210416221626.0
=008  151029t20152015dcua\\\\\b\\\\100\0\eng\d
=020  \\$a9780309377928 (pbk)
=020  \\$a0309377927 (pbk)
=035  \\$a(OCoLC)928122432$z(OCoLC)923652490
=040  \\$aBTCTA$beng$cBTCTA$dAZS$dNRZ$dOCLCO$dIXA$dOCLCO$dYDXCP$dCUT$dUk$erda
=042  \\$aukblcatcopy
=043  \\$an-us---
=050  \4$aQ172.5.P82$bR47 2015
=082  04$a303.483$223$qUkWkNB
=100  1\$aResnick, Helaine E.,$erapporteur.
=245  10$aTrust and confidence at the interfaces of the life sciences and society :$bdoes the public trust science? : a workshop summary /$cHelaine E. Resnick, Keegan Sawyer, and Nancy Huddleston, rapporteurs ; Roundtable on Public Interfaces of the Life Sciences, Board on Life Sciences, Division on Earth and Life Studies, Board on Science Education, Division of Behavioral and Social Sciences and Education, The National Academies of Sciences, Engineering, Medicine.
=264  \1$aWashington, DC :$bThe National Academies Press,$c[2015]
=264  \4$c©2015
=300  \\$axii, 53 pages :$bcolor illustrations ;$c28 cm
=336  \\$atext$btxt$2rdacontent
=337  \\$aunmediated$bn$2rdamedia
=338  \\$avolume$bnc$2rdacarrier
=504  \\$aIncludes bibliographical references.
=505  0\$aWhat is trust? -- What do we know about trust in science? -- Government, politics, science, and trust -- Trusted and trustworthy media -- Linking knowledge to action.
=520  1\$aWorkshop speakers explored factors that affect trust in science and scientific findings on such issues as childhood vaccination, cancer screenings, and synthetic biology. Participants also discussed challenges within the scientific community to address trust and potential pathways toward improved public engagement in science.
=530  \\$aAlso issued online.
=650  \0$aLife sciences$zUnited States$xPublic opinion$vCongresses.
=650  \0$aCommunication in science$zUnited States$vCongresses.
=650  \0$aScience in mass media$vCongresses.
=690  7\$aSocial Welfare$2blcoll
=700  1\$aSawyer, Keegan,$eauthor.
=700  1\$aHuddleston, Nancy,$eauthor.
=710  2\$aNational Research Council (U.S.).$bRoundtable on Public Interfaces of the Life Sciences,$eissuing body.
=711  2\$aDoes the public trust science? Trust and confidence at the intersection of the life sciences and society (Workshop)$d(2015 :$cWashington, D.C.)$jauthor.
=776  08$aResnick, Helaine E.$tTrust and confidence at the interfaces of the life sciences and society.$w(OCoLC)928122432$dWashington, D.C. : National Academy Press, [2015]$z9780309377928
=852  41$aBritish Library$bDSC$jm16/.10772
=856  41$3National Academies Press$uhttp://www.nap.edu/read/21798/chapter/1
=985  \\$aCorrected by MS generated file for WR# 2102-0049
=CAT  \\$aCOUTTS-2$b00$c20160126$lBLL01$h1801
=CAT  \\$a9701$b40$c20160304$lBLL01$h1356
=CAT  \\$a8962$b40$c20160308$lBLL01$h0949
=CAT  \\$aBLSS-CORR$b00$c20210413$lBLL01$h1559
=CAT  \\$aBATCH-SWP$c20210416$lBLL01$h2216
=FIN  \\$aY$d20160304
=FMT  \\$a  BK
=LAS  \\$aBATCH-SWP$b00$c20210416$lBLL01$h2216
=SID  \\$aZ39$bOCLC

