=LDR  02973 am a2200505 i 4500
=001  017747749
=003  Uk
=005  20160408110640.0
=008  151106s2015\\\\dcuab\\\\b\\\\100\0\eng\d
=020  \\$a9780309376907
=020  \\$a0309376904
=035  \\$a(OCoLC)928036454
=040  \\$aILI$beng$cILI$dILI$dYDXCP$dNRZ$dOCLCF$dUk$erda
=042  \\$aukblderived
=043  \\$an-us---
=050  \4$aRA773.74$b.A47 2015
=100  1\$aAlper, Joe,$eauthor.
=245  10$aHealth Literacy and Consumer-Facing Technology :$bworkshop summary /$cJoe Alper, rapporteur ; Roundtable on Health Literacy, Board on Population Health and Public Health Practice, Institute of Medicine, the National Academies of Sciences, Engineering, Medicine.
=264  \1$aWashington, DC :$bNational Academies Press,$c[2015]
=300  \\$axviii, 104 pages :$billustrations, maps ;$c23 cm
=336  \\$atext$2rdacontent
=337  \\$aunmediated$2rdamedia
=338  \\$avolume$2rdacarrier
=500  \\$aSummary of a workshop by the same name, held March 24, 2015, in Washington, D.C.
=504  \\$aIncludes bibliographical references (pages 89-91).
=520  \\$aThe proliferation of consumer-facing technology and personal health information technology has grown steadily over the past decade, and has certainly exploded over the past several years. Many people have embraced smartphones and wearable health-monitoring devices to track their fitness and personal health information. Providers have made it easier for patients and caregivers to access health records and communicate through online patient portals. However, the large volume of health-related information that these devices can generate and input into a health record can also lead to an increased amount of confusion on the part of users and caregivers.
=650  \0$aHealth literacy$zUnited States.
=650  \0$aConsumer-driven health care$zUnited States.
=650  \0$aCommunication in medicine$zUnited States.
=650  \7$aCommunication in medicine.$2fast$0(OCoLC)fst00870205
=650  \7$aConsumer-driven health care.$2fast$0(OCoLC)fst01744687
=650  \7$aHealth literacy.$2fast$0(OCoLC)fst01894000
=651  \7$aUnited States.$2fast$0(OCoLC)fst01204155
=710  2\$aInstitute of Medicine (U.S.).$bRoundtable on Health Literacy,$eissuing body.
=711  2\$aHealth Literacy and Consumer-Facing Technology (Workshop)$d(2015 :$cWashington, D.C.)$jauthor.
=776  08$aAlper, Joe.$tHealth literacy and consumer-facing technology.$w(OCoLC)927362764$dWashington, DC : the National Academies Press, [2015]$z9780309376914
=852  41$aBritish Library$bDSC$jm16/.11136
=856  41$3National Academies Press$uhttp://www.nap.edu/read/21781/chapter/1
=CAT  \\$a9518$b40$c20160222$lBLL01$h1002
=CAT  \\$aBATCH-UPD$b40$c20160222$lBLL01$h1002
=CAT  \\$a11131$b40$c20160408$lBLL01$h1106
=FIN  \\$aY$d20160408
=FMT  \\$a  BK
=LAS  \\$a11131$b40$c20160408$lBLL01$h1106
=SID  \\$aZ39$bOCLC

