=LDR  03372cam a2200505 i 4500
=001  017747834
=003  Uk
=005  20230223162606.0
=008  151023t20152015dcuab\\\\b\\\\100\0\eng\d
=020  \\$a0309378567
=020  \\$a9780309378567
=035  \\$a(OCoLC)926823038$z(OCoLC)929410928
=040  \\$aYDXCP$beng$cYDXCP$dAZS$dOCLCO$dNRZ$dOCLCF$dCDX$dOCLCO$dZCU$dOCLCO$dCUT$dUk$erda
=042  \\$aukblderived
=043  \\$an-us---
=082  04$a333.8$223
=100  1\$aSchwalbe, Michelle,$eauthor.
=245  10$aMathematical sciences research challenges for the next-generation electric grid :$bsummary of workshop /$cMichelle Schwalbe, rapporteur ; Committee on Analytical Research Foundations for the Next-Generation Electric Grid, Board on Mathematical Sciences and Their Applications, Division on Engineering and Physical Sciences, The National Academies of Sciences, Engineering, Medicine.
=264  \1$aWashington, D.C. :$bNational Academies Press,$c[2015]
=264  \4$c©2015
=300  \\$ax, 89 pages :$bcolor illustrations, color maps ;$c26 cm
=336  \\$atext$btxt$2rdacontent
=337  \\$aunmediated$bn$2rdamedia
=338  \\$avolume$bnc$2rdacarrier
=504  \\$aIncludes bibliographical references (pages 75-78).
=505  0\$aSetting the stage. Low-cost pathways to grid integration of renewable energy -- Data and data analytics. Prosumer-centric power industry transformation -- How to combine observational data sources with first principles of physics to build stable and transportable models for power system design and control -- Grid-scale data fusion -- Optimization and control methods for a robust and resilient power grid. Durantion-differentiated electrical service for integrating renewable power -- Demand-side flexibility for reliable ancillary services in a smart grid -- Advances in mixed-integer programming and the impact on managing electric power grids -- Uncertainty quantifications and validation. How well can we measure what didn't happen and predict what won't? -- Mathematical models in power markets -- Discussion -- Strategies going forward.
=530  \\$aAlso issued online.
=650  \0$aRenewable energy sources$zUnited States$vCongresses.
=650  \0$aMathematics$xResearch$zUnited States$vCongresses.
=650  \7$aMathematics$xResearch.$2fast$0(OCoLC)fst01012225
=650  \7$aRenewable energy sources.$2fast$0(OCoLC)fst01094570
=651  \7$aUnited States.$2fast$0(OCoLC)fst01204155
=655  \7$aConference papers and proceedings.$2fast$0(OCoLC)fst01423772
=710  2\$aNational Academies of Sciences, Engineering, and Medicine (U.S.).$bCommittee on Analytical Research Foundations for the Next-Generation Electric Grid,$eissuing body.
=776  08$aSchwalbe, Michelle.$tMathematical sciences research challenges for the next-generation electric grid.$w(OCoLC)923882371$dWashington, D.C. : National Academies Press, [2015]$z9780309378574
=852  41$aBritish Library$bDSC$jm16/.11127
=856  41$3National Academies Press$uhttp://www.nap.edu/read/21808/chapter/1
=985  \\$aUpdated by MS generated file for WR2302-017
=CAT  \\$a9518$b40$c20160222$lBLL01$h1156
=CAT  \\$a11131$b40$c20160408$lBLL01$h1108
=CAT  \\$aW2302-0174$c20230223$lBLL01$h2006
=FIN  \\$aY$d20160408
=FMT  \\$a  BK
=LAS  \\$aW2302-0174$b00$c20230223$lBLL01$h2006
=SID  \\$aZ39$bOCLC

