=LDR  02713 am a2200481 i 4500
=001  016866267
=003  Uk
=005  20150506124350.0
=008  140627s2014\\\\dcua\\\\\b\\\\000\0\eng\d
=020  \\$a9780309303187
=020  \\$a0309303184
=035  \\$a(OCoLC)881854911$z(OCoLC)883146654
=040  \\$aUNL$beng$cUNL$dYDXCP$dNRZ$dKSU$dBTCTA$dOCLCF$dUk$erda
=042  \\$aukblderived
=043  \\$an-us---
=082  04$a005.8$223
=245  00$aAt the nexus of cybersecurity and public policy :$bsome basic concepts and issues /$cDavid Clark, Thomas Berson, and Herbert S. Lin, editors ; Committee on Developing a Cybersecurity Primer: Leveraging Two Decades of National Academies Work ; Computer Science and Telecommunications Board.
=264  \1$aWashington, DC :$bNational Academies Press,$c[2014]
=264  \4$c©2014
=300  \\$axv, 133 pages :$billustrations ;$c23 cm
=336  \\$atext$2rdacontent
=337  \\$aunmediated$2rdamedia
=338  \\$avolume$2rdacarrier
=504  \\$aIncludes bibliographic references (pages 132-133).
=520  \\$a"According to this report, cybersecurity is a never-ending battle; threats will evolve as adversaries adopt new tools and techniques to compromise security. Cybersecurity is therefore an ongoing process that needs to evolve as new threats are identified. At the Nexus of Cybersecurity and Public Policy is a call for action to make cybersecurity a public safety priority. For a number of years, the cybersecurity issue has received increasing public attention; however, most policy focus has been on the short-term costs of improving systems. In its explanation of the fundamentals of cybersecurity and the discussion of potential policy responses."-- Publisher's description.
=530  \\$aAlso available via the World Wide Web.
=650  \0$aComputer security$zUnited States.
=700  1\$aClark, David D.$q(David Dana),$d1944-$eeditor.
=700  1\$aBerson, Thomas,$eeditor.
=700  1\$aLin, Herbert S,$eeditor.
=710  2\$aNational Research Council (U.S.).$bCommittee on Developing a Cybersecurity Primer,$eissuing body.
=710  2\$aNational Research Council (U.S.).$bComputer Science and Telecommunications Board,$eissuing body.
=852  41$aBritish Library$bDSC$jm14/.12152
=856  41$3National Academies Press$uhttp://www.nap.edu/catalog.php?record_id=18749
=CAT  \\$aBATCH-APP$b00$c20140913$lBLL01$h1718
=CAT  \\$a11002$b40$c20140917$lBLL01$h1202
=CAT  \\$a7416$b40$c20140922$lBLL01$h1639
=CAT  \\$a7416$b40$c20150506$lBLL01$h1243
=CAT  \\$aBATCH-UPD$b40$c20151202$lBLL01$h0848
=FIN  \\$aY$d20140917
=FMT  \\$a  BK
=LAS  \\$aBATCH-UPD$b40$c20151202$lBLL01$h0848
=SID  \\$aZ39$bOCLC

