=LDR  03106 am a2200445 i 4500
=001  016875161
=003  Uk
=005  20141003140600.0
=008  140514s2014\\\\dcua\\\\\b\\\\000\0\eng\d
=010  \\$a  2014940815
=020  \\$a9780309301510 (pbk.)
=020  \\$a0309301513 (pbk.)
=035  \\$a(OCoLC)ocn881857096
=040  \\$aUNL$cUNL$dBTCTA$dNRC$dNRZ$dYDXCP$dDLC$dUk$erda
=042  \\$aukblderived
=050  00$aQ180.55.I48$bC66 2014
=082  04$a001.4$223
=245  00$aConvergence :$bfacilitating transdisciplinary integration of life sciences, physical sciences, engineering, and beyond /$cCommittee on Key Challenge Areas for Convergence and Health, Board on Life Sciences, Division on Earth and Life Studies.
=264  \1$aWashington, D.C. :$bNational Academies Press,$c[2014]
=300  \\$axiv, 137 pages :$billustrations (chiefly color) ;$c23 cm
=336  \\$atext$2rdacontent
=337  \\$aunmediated$2rdamedia
=338  \\$avolume$2rdacarrier
=504  \\$aIncludes bibliographic references (pages 107-114).
=520  \\$a"Convergence of the life sciences with fields including physical, chemical, mathematical, computational, engineering, and social sciences is a key strategy to tackle complex challenges and achieve new and innovative solutions. However, institutions face a lack of guidance on how to establish effective programs, what challenges they are likely to encounter, and what strategies other organizations have used to address the issues that arise. This advice is needed to harness the excitement generated by the concept of convergence and channel it into the policies, structures, and networks that will enable it to realize its goals. Convergence investigates examples of organizations that have established mechanisms to support convergent research. This report discusses details of current programs, how organizations have chosen to measure success, and what has worked and not worked in varied settings. The report summarizes the lessons learned and provides organizations with strategies to tackle practical needs and implementation challenges in areas such as infrastructure, student education and training, faculty advancement, and inter-institutional partnerships."--Publisher's description.
=530  \\$aAlso available via the World Wide Web.
=650  \0$aInterdisciplinary research.
=710  2\$aNational Research Council (U.S.).$bCommittee on Key Challenge Areas for Convergence and Health,$eissuing body.
=710  2\$aNational Research Council (U.S.).$bBoard on Life Sciences,$eissuing body.
=710  2\$aNational Research Council (U.S.).$bDivision on Earth and Life Studies,$eissuing body.
=852  41$aBritish Library$bDSC$jm14/.12244
=856  41$3National Academies Press$uhttp://www.nap.edu/catalog.php?record_id=18722
=CAT  \\$aBATCH-APP$b00$c20140927$lBLL01$h1714
=CAT  \\$a10904$b40$c20141003$lBLL01$h1405
=CAT  \\$a10904$b40$c20141003$lBLL01$h1406
=CAT  \\$aBATCH-UPD$b40$c20160830$lBLL01$h2017
=FIN  \\$aY$d20141003
=FMT  \\$a  BK
=LAS  \\$aBATCH-UPD$b40$c20160830$lBLL01$h2017
=SRC  \\$aBLL02

