=LDR  01880 am a2200457 i 4500
=001  016881534
=003  Uk
=005  20141008145140.0
=008  140705s2014\\\\dcuab\\\\b\\\\000\0\eng\d
=010  \\$a  2014944501
=015  \\$aGBB4A8514$2bnb
=020  \\$a9780309301831
=020  \\$a0309301831
=035  \\$a(OCoLC)883146642
=040  \\$aBTCTA$beng$cBTCTA$dNRZ$dYDXCP$dIXA$erda
=042  \\$aukblcatcopy
=043  \\$ar------
=050  \4$aG615$b.N385 2014
=082  04$a507.2098 2 23$223
=110  2\$aNational Research Council (U.S.).$bCommittee on Emerging Research Questions in the Arctic,$eauthor.
=245  14$aThe Arctic in the Anthropocene :$bemerging research questions /$cCommittee on Emerging Research Questions in the Arctic, Polar Research Board, Division on Earth and Life Studies, National Research Council of the National Academies.
=264  \1$aWashington, D.C. :$bNational Academies Press,$c[2014]
=300  \\$axiii, 210 pages :$bcolor illustrations, maps, charts ;$c26 cm
=336  \\$atext$btxt$2rdacontent
=337  \\$aunmediated$bn$2rdamedia
=338  \\$avolume$bnc$2rdacarrier
=504  \\$aIncludes bibliographical references.
=651  \0$aArctic regions$xResearch.
=651  \0$aArctic Ocean$xResearch.
=710  2\$aNational Research Council (U.S.).$bPolar Research Board,$eauthor.
=710  2\$aNational Research Council (U.S.).$bDivision on Earth and Life Studies,$eauthor.
=852  41$aBritish Library$bDSC$jm14/.12292
=856  42$3National Academies Press$uhttp://www.nap.edu/catalog.php?record_id=18726
=CAT  \\$aBATCH-APP$b00$c20141002$lBLL01$h2151
=CAT  \\$a9701$b40$c20141008$lBLL01$h1441
=CAT  \\$a9701$b40$c20141008$lBLL01$h1451
=CAT  \\$aBATCH-UPD$b40$c20160830$lBLL01$h2017
=FIN  \\$aY$d20141008
=FMT  \\$a  BK
=LAS  \\$aBATCH-UPD$b40$c20160830$lBLL01$h2017
=SID  \\$aZ39$bOCLC

