=LDR  05546 am a22005297i 4500
=001  016969617
=003  Uk
=005  20141231075852.0
=008  141015t20142014dcua\\\\\b\\\\000\0\eng\d
=010  \\$a  2014950546
=020  \\$a0309305071
=020  \\$a9780309305075
=035  \\$a(OCoLC)893014920
=040  \\$aYDXCP$beng$cYDXCP$dOCLCO$dNRZ$dIXA$dOCLCQ$dUk$erda
=042  \\$aukblderived
=043  \\$azo-----$an-us---
=050  \4$aTL789.8.U5$bP38 2014
=082  04$a629.40973$223
=245  00$aPathways to exploration :$brationales and approaches for a U.S. program of human space exploration /$cCommittee on Human Spaceflight, Aeronautics and Space Engineering Board, Space Studies Board, Division on Engineering and Physical Sciences, Committee on National Statistics, Division of Behavioral and Social Sciences and Education ; National Research Council of the National Academies.
=264  \1$aWashington, D.C. :$bThe National Academies Press,$c[2014]
=264  \4$c©2014
=300  \\$axix, 258 pages :$bcolor illustrations ;$c28 cm
=336  \\$atext$btxt$2rdacontent
=337  \\$aunmediated$bn$2rdamedia
=338  \\$avolume$bnc$2rdacarrier
=504  \\$aIncludes bibliographical references.
=505  0\$aOverview of Analysis and Findings -- Why Do We Go There? -- Public and Stakeholder Attitudes -- Technical Analysis and Affordability Assessment of Human Exploration Pathways -- Appendixes -- Appendix A: Statement of Task -- Appendix B: Methodological Notes About the Public Opinion Data -- Appendix C: Stakeholder Survey Methods -- Appendix D: Stakeholder Survey Mail Questionnaire (Version A) -- Appendix E: Frequency Distributions of Responses to the Stakeholder Survey by Respondent Group -- Appendix F: Acronyms and Abbreviations -- Appendix G: List of Briefings to the Committee and Panels -- Appendix H: List of Input Papers -- Appendix I: Committee, Panel, and Staff Biographies.
=520  \\$a"The United States has publicly funded its human spaceflight program on a continuous basis for more than a half-century, through three wars and a half-dozen recessions, from the early Mercury and Gemini suborbital and Earth orbital missions, to the lunar landings, and thence to the first reusable winged crewed spaceplane that the United States operated for three decades. Today the United States is the major partner in a massive orbital facility - the International Space Station - that is becoming the focal point for the first tentative steps in commercial cargo and crewed orbital space flights. And yet, the long-term future of human spaceflight beyond this project is unclear.Pronouncements by multiple presidents of bold new ventures by Americans to the Moon, to Mars, and to an asteroid in its native orbit, have not been matched by the same commitment that accompanied President Kennedy's now fabled 1961 speech-namely, the substantial increase in NASA funding needed to make it happen. Are we still committed to advancing human spaceflight? What should a long-term goal be, and what does the United States need to do to achieve it? Pathways to Exploration explores the case for advancing this endeavor, drawing on the history of rationales for human spaceflight, examining the attitudes of stakeholders and the public, and carefully assessing the technical and fiscal realities. This report recommends maintaining the long-term focus on Mars as the horizon goal for human space exploration.With this goal in mind, the report considers funding levels necessary to maintain a robust tempo of execution, current research and exploration projects and the time/resources needed to continue them, and international cooperation that could contribute to the achievement of spaceflight to Mars. According to Pathways to Exploration, a successful U.S. program would require sustained national commitment and a budget that increases by more than the rate of inflation. In reviving a U.S. human exploration program capable of answering the enduring questions about humanity's destiny beyond our tiny blue planet, the nation will need to grapple with the attitudinal and fiscal realities of the nation today while staying true to a small but crucial set of fundamental principles for the conduct of exploration of the endless frontier.The recommendations of Pathways to Exploration provide a clear map toward a human spaceflight program that inspires students and citizens by furthering human exploration and discovery, while taking into account the long-term commitment necessary to achieve this goal."--Publisher's description.
=530  \\$aAlso available online.
=650  \0$aAstronautics and state$zUnited States.
=650  \0$aManned space flight$xCosts.
=650  \0$aManned space flight$xPlanning.
=650  \0$aAstronautics$zUnited States$xPlanning.
=650  \0$aAstronautics$zUnited States$xCosts.
=651  \0$aOuter space$xExploration$zUnited States$xPlanning.
=651  \0$aOuter space$xExploration$zUnited States$xCosts.
=710  2\$aNational Research Council (U.S.).$bAeronautics and Space Engineering Board,$eissuing body.
=852  41$aBritish Library$bDSC$jm15/.10038
=856  41$3National Academies Press$uhttp://www.nap.edu/catalog.php?record_id=18801
=CAT  \\$aBATCH-APP$b00$c20141205$lBLL01$h2143
=CAT  \\$aBATCH-UPD$b00$c20141205$lBLL01$h2144
=CAT  \\$a10904$b40$c20141231$lBLL01$h0758
=CAT  \\$aBATCH-UPD$b40$c20151202$lBLL01$h0910
=FIN  \\$aY$d20141231
=FMT  \\$a  BK
=LAS  \\$aBATCH-UPD$b40$c20151202$lBLL01$h0910
=SID  \\$aZ39$bOCLC

