=LDR  04446 am a22005057i 4500
=001  016969618
=003  Uk
=005  20150102113947.0
=008  140705t20142014dcua\\\\\b\\\\000\0\eng\d
=010  \\$a  2014949075
=020  \\$a9780309300919
=020  \\$a0309300916
=035  \\$a(OCoLC)883146695
=040  \\$aBTCTA$beng$cBTCTA$dMUU$dUNL$dOCLCO$dYDXCP$dNRZ$dIXA$dCDX$dUk$erda
=042  \\$aukblderived
=050  \4$aQD63.5$b.S24 2014
=082  04$a542/.89$223
=245  00$aSafe science :$bpromoting a culture of safety in academic chemical research /$cCommittee on Establishing and Promoting a Culture of Safety in Academic Laboratory Research, Board on Chemical Sciences and Technology, Division on Earth and Life Studies, Board on Human-Systems Integration, Division of Behavioral and Social Sciences and Education, National Research Council of the National Academies.
=264  \1$aWashington, D.C. :$bThe National Academies Press,$c[2014]
=264  \4$c©2014
=300  \\$axv, 111 pages :$bcolor illustrations ;$c23 cm
=336  \\$atext$btxt$2rdacontent
=337  \\$aunmediated$bn$2rdamedia
=338  \\$avolume$bnc$2rdacarrier
=504  \\$aIncludes bibliographical references.
=505  0\$aSummary -- 1. Introduction -- 2. Safety systems and cultures -- 3. Laboratory safety in chemical research in academic settings -- 4. Laboratory safety dynamics to improve safety culture -- 5. Findings, conclusions, and recommendations -- Appendix.
=520  3\$aRecent serious and sometimes fatal accidents in chemical research laboratories at United States universities have driven government agencies, professional societies, industries, and universities themselves to examine the culture of safety in research laboratories. These incidents have triggered a broader discussion of how serious incidents can be prevented in the future and how best to train researchers and emergency personnel to respond appropriately when incidents do occur. As the priority placed on safety increases, many institutions have expressed a desire to go beyond simple compliance with regulations to work toward fostering a strong, positive safety culture: affirming a constant commitment to safety throughout their institutions, while integrating safety as an essential element in the daily work of laboratory researchers. Safe Science takes on this challenge. This report examines the culture of safety in research institutions and makes recommendations for university leadership, laboratory researchers, and environmental health and safety professionals to support safety as a core value of their institutions. The report discusses ways to fulfill that commitment through prioritizing funding for safety equipment and training, as well as making safety an ongoing operational priority. A strong, positive safety culture arises not because of a set of rules but because of a constant commitment to safety throughout an organization. Such a culture supports the free exchange of safety information, emphasizes learning and improvement, and assigns greater importance to solving problems than to placing blame. High importance is assigned to safety at all times, not just when it is convenient or does not threaten personal or institutional productivity goals. Safe Science will be a guide to make the changes needed at all levels to protect students, researchers, and staff.
=530  \\$aAlso available via the World Wide Web.
=650  \0$aChemical laboratories$xSafety measures.
=650  \0$aSafety education.
=710  2\$aNational Research Council (U.S.),$eauthor.
=710  2\$aNational Research Council (U.S.).$bCommittee on Establishing and Promoting a Culture of Safety in Academic Laboratory Research,$eauthor.
=710  2\$aNational Research Council (U.S.).$bDivision on Earth and Life Studies,$eauthor.
=710  2\$aNational Research Council (U.S.).$bDivision of Behavioral and Social Sciences and Education,$eauthor.
=852  41$aBritish Library$bDSC$jm15/.10039
=856  41$3National Academies Press$uhttp://www.nap.edu/catalog.php?record_id=18706
=CAT  \\$aBATCH-APP$b00$c20141205$lBLL01$h2143
=CAT  \\$aBATCH-UPD$b00$c20141205$lBLL01$h2144
=CAT  \\$a10904$b40$c20141231$lBLL01$h0822
=CAT  \\$a8962$b40$c20150102$lBLL01$h1139
=CAT  \\$aBATCH-UPD$b40$c20151202$lBLL01$h0910
=FIN  \\$aY$d20141231
=FMT  \\$a  BK
=LAS  \\$aBATCH-UPD$b40$c20151202$lBLL01$h0910
=SID  \\$aZ39$bOCLC

