=LDR  05028 am a2200493 i 4500
=001  017004239
=003  Uk
=005  20150127091300.0
=008  140705t20142014dcuab\\\\b\\\f000\0\eng\d
=020  \\$a9780309305860
=020  \\$a0309305861
=035  \\$a(OCoLC)883146671
=040  \\$aBTCTA$beng$cBTCTA$dNRZ$dKSU$dYDXCP$dNDD$dOCLCQ$dUk$erda
=042  \\$aukblderived
=043  \\$an-us---
=050  \4$aHV551.3$bR43 2014
=082  04$a363.3480973$223
=245  00$aReducing coastal risks :$bon the East and Gulf Coasts /$cCommittee on U.S. Army Corps of Engineers Water Resources Science, Engineering, and Planning : Coastal Risk Reduction ; Water Science and Technology Board ; Ocean Studies Board ; Division on Earth and Life Studies ; National Research Council of the National Academies.
=264  \1$aWashington, D.C. :$bNational Academies Press,$c[2014]
=264  \4$c©2014
=300  \\$axvi, 192 pages :$billustrations (some color), color maps ;$c23 cm
=336  \\$atext$btxt$2rdacontent
=337  \\$aunmediated$bn$2rdamedia
=338  \\$avolume$bnc$2rdacarrier
=504  \\$aIncludes bibliographical references (pages 151-173).
=505  0\$aInstitutional landscape for coastal risk management -- Performance of coastal risk reduction strategies -- Principles for guiding the nation's future investments in coastal risk reduction -- A vision for coastal risk reduction -- References -- Appendix A: Major U.S. coastal storms since 1900 -- Appendix B: USACE coastal storm damage reduction projects -- Appendix C: Biographical sketches of committee members.
=520  \\$a"Hurricane- and coastal-storm-related losses have increased substantially during the past century, largely due to increases in population and development in the most susceptible coastal areas. Climate change poses additional threats to coastal communities from sea level rise and possible increases in strength of the largest hurricanes. Several large cities in the United States have extensive assets at risk to coastal storms, along with countless smaller cities and developed areas. The devastation from Superstorm Sandy has heightened the nation's awareness of these vulnerabilities. What can we do to better prepare for and respond to the increasing risks of loss? Reducing Coastal Risk on the East and Gulf Coasts reviews the coastal risk-reduction strategies and levels of protection that have been used along the United States East and Gulf Coasts to reduce the impacts of coastal flooding associated with storm surges. .This report evaluates their effectiveness in terms of economic return, protection of life safety, and minimization of environmental effects. According to this report, the vast majority of the funding for coastal risk-related issues is provided only after a disaster occurs. This report calls for the development of a national vision for coastal risk management that includes a long-term view, regional solutions, and recognition of the full array of economic, social, environmental, and life-safety benefits that come from risk reduction efforts. To support this vision, Reducing Coastal Risk states that a national coastal risk assessment is needed to identify those areas with the greatest risks that are high priorities for risk reduction efforts. The report discusses the implications of expanding the extent and levels of coastal storm surge protection in terms of operation and maintenance costs and the availability of resources. .Reducing Coastal Risk recommends that benefit-cost analysis, constrained by acceptable risk criteria and other important environmental and social factors, be used as a framework for evaluating national investments in coastal risk reduction. The recommendations of this report will assist engineers, planners and policy makers at national, regional, state, and local levels to move from a nation that is primarily reactive to coastal disasters to one that invests wisely in coastal risk reduction and builds resilience among coastal communities."--Publisher's description.
=530  \\$aAlso available online.
=650  \0$aHurricane protection$xGovernment policy$zAtlantic Coast (U.S.)
=650  \0$aHurricane protection$xGovernment policy$zGulf Coast (U.S.)
=650  \0$aFlood damage prevention$xGovernment policy$zAtlantic Coast (U.S.)
=650  \0$aFlood damage prevention$xGovernment policy$zGulf Coast (U.S.)
=710  2\$aNational Research Council (U.S.).$bWater Science and Technology Board,$eissuing body.
=710  2\$aNational Research Council (U.S.).$bOcean Studies Board,$eissuing body.
=852  41$aBritish Library$bDSC$jm15/.10144
=856  41$3National Academies Press$uhttp://www.nap.edu/catalog.php?record_id=18811
=CAT  \\$aBATCH-APP$b00$c20150108$lBLL01$h2157
=CAT  \\$aBATCH-UPD$b00$c20150108$lBLL01$h2157
=CAT  \\$a11131$b40$c20150127$lBLL01$h0913
=CAT  \\$aBATCH-UPD$b40$c20151202$lBLL01$h0915
=FIN  \\$aY$d20150127
=FMT  \\$a  BK
=LAS  \\$aBATCH-UPD$b40$c20151202$lBLL01$h0915
=SID  \\$aZ39$bOCLC

