=LDR  05561 am a22004817i 4500
=001  017032887
=003  Uk
=005  20150217134330.0
=008  141015s2014\\\\dcua\\\\\b\\\\000\0\eng\d
=010  \\$a  2014954121
=020  \\$a9780309272537 (paperback)
=020  \\$a030927253X (paperback)
=035  \\$a(OCoLC)ocn883146715
=040  \\$aBTCTA$beng$cBTCTA$dNRZ$dOCLCO$dYDXCP$dOCLCQ$dNDD$dDLC$dUk$erda
=042  \\$aukblderived
=043  \\$aa-ja---
=082  04$a363.17/990952117$223
=110  2\$aNational Research Council (U.S.).$bCommittee on Lessons Learned from the Fukushima Nuclear Accident for Improving Safety and Security of U.S. Nuclear Plants.
=245  10$aLessons learned from the Fukushima nuclear accident for improving safety of U.S. nuclear plants /$cCommittee on Lessons Learned from the Fukushima Nuclear Accident for Improved Safety and Security of U.S. Nuclear Plants ; Nuclear and Radiation Studies Board ; Division on Earth and Life Studies ; National Research Council of the National Academies.
=264  \1$aWashington, D.C. :$bThe National Academies Press,$c[2014]
=300  \\$axviii, 376 pages :$bcolor illustrations ;$c23 cm
=336  \\$atext$btxt$2rdacontent
=337  \\$aunmediated$bn$2rdamedia
=338  \\$avolume$bnc$2rdacarrier
=504  \\$aIncludes bibliographical references (pages 256-281).
=505  0\$aBackground on Japanese and U.S. Nuclear Plants -- Great East Japan Earthquake and Tsunami and Impacts on Japanese Nuclear Plants -- Fukushima Daiichi Nuclear Accident -- Lessons Learned: Plant Operations and Safety Regulations -- Lessons Learned: Offsite Emergency Management -- Lessons Learned: Nuclear Safety Culture -- References -- Appendix A: Biographical Sketches of Committee, Technical Advisor, and Staff -- Appendix B: Presentations, Breakout Sessions, and Visits -- Appendix C: Detailed Accident Time Line -- Appendix D: Operation and Support Organizations -- Appendix E: Recommendations from Other Organizations -- Appendix F: Regulator and Industry Actions in the United States -- Appendix G: Hydrogen Control in Severe Accidents -- Appendix H: Nuclear Plant Emergency Procedures and Guidelines -- Appendix I: Probabilistic Risk Assessment -- Appendix J: Human Reliability Analysis -- Appendix K: Tsunami Hazards in the Atlantic Ocean Basin -- Appendix L: Factoring the Costs of Severe Nuclear Accidents into Backfit Decisions -- Appendix M: Access to Timely and Reliable Information to Support Decision Making During a Nuclear Power Plant Accident -- Appendix N: Conversions and Units -- Appendix O: Acronyms.
=520  \\$a"The March 11, 2011, Great East Japan Earthquake and tsunami sparked a humanitarian disaster in northeastern Japan. They were responsible for more than 15,900 deaths and 2,600 missing persons as well as physical infrastructure damages exceeding 200 billion dollars. The earthquake and tsunami also initiated a severe nuclear accident at the Fukushima Daiichi Nuclear Power Station. Three of the six reactors at the plant sustained severe core damage and released hydrogen and radioactive materials. Explosion of the released hydrogen damaged three reactor buildings and impeded onsite emergency response efforts. The accident prompted widespread evacuations of local populations, large economic losses, and the eventual shutdown of all nuclear power plants in Japan. Lessons Learned from the Fukushima Nuclear Accident for Improving Safety and Security of U.S. Nuclear Plants is a study of the Fukushima Daiichi accident.This report examines the causes of the crisis, the performance of safety systems at the plant, and the responses of its operators following the earthquake and tsunami. The report then considers the lessons that can be learned and their implications for U.S. safety and storage of spent nuclear fuel and high-level waste, commercial nuclear reactor safety and security regulations, and design improvements. Lessons Learned makes recommendations to improve plant systems, resources, and operator training to enable effective ad hoc responses to severe accidents. This report's recommendations to incorporate modern risk concepts into safety regulations and improve the nuclear safety culture will help the industry prepare for events that could challenge the design of plant structures and lead to a loss of critical safety functions. In providing a broad-scope, high-level examination of the accident, Lessons Learned is meant to complement earlier evaluations by industry and regulators.This in-depth review will be an essential resource for the nuclear power industry, policy makers, and anyone interested in the state of U.S. preparedness and response in the face of crisis situations."--Publisher's description.
=530  \\$aAlso available online.
=650  \0$aNuclear power plants$xSecurity measures.
=650  \0$aNuclear reactor accidents$zJapan.
=650  \0$aNuclear power plants$xSafety measures$xRisk assessment.
=710  2\$aNational Research Council (U.S.).$bNuclear and Radiation Studies Board,$eissuing body.
=852  41$aBritish Library$bDSC$jm15/.10426
=856  41$3National Academies Press$uhttp://www.nap.edu/catalog.php?record_id=18294
=CAT  \\$aBATCH-APP$b00$c20150131$lBLL01$h1727
=CAT  \\$aBATCH-UPD$b00$c20150131$lBLL01$h1727
=CAT  \\$a6923$b40$c20150217$lBLL01$h1343
=CAT  \\$aBATCH-UPD$b40$c20170113$lBLL01$h2028
=CAT  \\$aBATCH-UPD$b40$c20170127$lBLL01$h1631
=FIN  \\$aY$d20150217
=FMT  \\$a  BK
=LAS  \\$aBATCH-UPD$b40$c20170127$lBLL01$h1631
=SID  \\$aZ39$bLOC

