=LDR  03375 am a22006257a 4500
=001  017135848
=003  Uk
=005  20150409140617.0
=008  131228s2014\\\\dcua\\\\\b\\\\000\0\eng\d
=020  \\$a9780309297370 (pbk.)
=020  \\$a0309297370
=035  \\$a(OCoLC)866936703
=040  \\$aBTCTA$beng$cBTCTA$dYDXCP$dNGU$dFIUCL$dCDX$dNRZ$dOCLCO$dIAI$dCUT$dOCLCF$dIUL$dOCL$dUk
=042  \\$aukblderived
=043  \\$an-us---
=082  04$a364.15/320973$223
=245  00$aEstimating the incidence of rape and sexual assault /$cPanel on Measuring Rape and Sexual Assault in Bureau of Justice Statistics Household Surveys ; Candace Kruttschnitt, William D. Kalsbeek, and Carol C. House, editors ; Committee on National Statistics ; Division of Behavioral and Social Sciences and Education ; National Research Council of the National Academies.
=260  \\$aWashington, D.C. :$bNational Academies Press,$c2014.
=300  \\$axiii, 261 p. :$bill. (some col.) ;$c23 cm
=336  \\$atext$2rdacontent
=337  \\$aunmediated$2rdamedia
=338  \\$avolume$2rdacarrier
=504  \\$aIncludes bibliographical references (p. 183-192).
=505  0\$aLegal definitions and context -- Data from law enforcement agencies -- National Crime Victimization Survey -- Selected other surveys on rape and sexual assault -- Comparison of rape and sexual assault across data sources -- Potential sources of error in the NCVS : sampling, frame, and processing -- Potential sources of error : nonresponse, specification, and measurement -- Synopsis of potential error in the National Crime Victimization Survey -- New directions for measuring rape and sexual assault.
=650  \0$aRape$zUnited States$xStatistics.
=650  \0$aCriminal statistics$zUnited States$xEvaluation.
=650  \0$aRape$xResearch$zUnited States.
=650  \0$aSex crimes$xResearch$zUnited States.
=650  \0$aSex crimes$zUnited States$vStatistics.
=650  \7$aCriminal statistics$xEvaluation.$2fast$0(OCoLC)fst00883503
=650  \7$aRape.$2fast$0(OCoLC)fst01089970
=650  \7$aRape$xResearch.$2fast$0(OCoLC)fst01089986
=650  \7$aSex crimes.$2fast$0(OCoLC)fst01114275
=650  \7$aSex crimes$xResearch.$2fast$0(OCoLC)fst01114294
=651  \7$aUnited States.$2fast$0(OCoLC)fst01204155
=655  \7$aStatistics.$2fast$0(OCoLC)fst01423727
=690  7\$aSocial Welfare$2blcoll
=700  1\$aKruttschnitt, Candace.
=700  1\$aKalsbeek, William D.,$d1946-
=700  1\$aHouse, Carol C.
=710  2\$aNational Research Council (U.S.).$bPanel on Measuring Rape and Sexual Assault in Bureau of Justice Statistics Household Surveys.
=710  2\$aNational Research Council (U.S.).$bCommittee on National Statistics.
=710  2\$aNational Research Council (U.S.).$bDivision of Behavioral and Social Sciences and Education.
=852  41$aBritish Library$bDSC$jm15/.10626
=856  41$3National Academies Press$uhttp://www.nap.edu/catalog.php?record_id=18605
=CAT  \\$aBATCH-APP$b00$c20150401$lBLL01$h2135
=CAT  \\$aBATCH-UPD$b00$c20150401$lBLL01$h2136
=CAT  \\$aBATCH-UPD$b00$c20150405$lBLL01$h2237
=CAT  \\$a10904$b40$c20150409$lBLL01$h1406
=CAT  \\$aBATCH-SWP$c20150417$lBLL01$h2206
=CAT  \\$aWR14_128$c20160226$lBLL01$h1631
=FIN  \\$aY$d20150409
=FMT  \\$a  BK
=LAS  \\$aWR14_128$b00$c20160226$lBLL01$h1631
=SID  \\$aZ39$bOCLC

