=LDR  01982 am a22004697a 4500
=001  015796318
=003  Uk
=005  20110517134557.0
=008  100826s2011\\\\dcuab\\\\b\\\\000\0\eng\d
=020  \\$a9780309151764 (book)
=020  \\$a0309151767 (book)
=020  \\$z9780309151771 (PDF)
=020  \\$z0309151775 (PDF)
=035  \\$a(OCoLC)658581418
=040  \\$aYDXCP$cYDXCP$dKKS$dBWX$dIXA$dCDX$dUk
=042  \\$aukblderived
=082  04$a363.738746$223$qUK-WkNB
=245  00$aClimate stabilization targets :$bemissions, concentrations, and impacts over decades to millennia /$cCommittee on Stabilization Targets for Atmospheric Greenhouse Gas Concentrations, Board on Atmospheric Sciences and Climate, Division on Earth and Life Studies, National Research Council.
=260  \\$aWashington, D.C. :$bNational Academies Press,$cc2011.
=300  \\$axii, 286 p. :$bcol. ill., col. maps ;$c26 cm.
=336  \\$atext$2rdacontent
=337  \\$aunmediated$2rdamedia
=338  \\$avolume$2rdacarrier
=504  \\$aIncludes bibliographical references (p. 235-268).
=530  \\$aAlso available online.
=650  \0$aClimatic changes.
=650  \0$aGlobal warming.
=650  \0$aGreenhouse gas mitigation.
=650  \0$aClimate change mitigation.
=710  2\$aNational Research Council (U.S.).$bBoard on Atmospheric Sciences and Climate.
=710  2\$aNational Research Council (U.S.).$bCommittee on Stabilization Targets for Atmospheric Greenhouse Gas Concentrations.
=852  41$aBritish Library$bDSC$jm11/.15259
=856  41$3Full text$uhttp://www.nap.edu/catalog.php?record_id=12877
=985  \\$aCorrected by MS generated file for WR# 13.051
=CAT  \\$aBATCH-APP$b00$c20110420$lBLL01$h2210
=CAT  \\$aBATCH$b00$c20110420$lBLL01$h2212
=CAT  \\$a11002$b40$c20110517$lBLL01$h1345
=CAT  \\$aBLSS-CORR$b00$c20130327$lBLL01$h1528
=FIN  \\$aY$d20110517
=FMT  \\$a  BK
=LAS  \\$aBLSS-CORR$b00$c20130327$lBLL01$h1528
=SID  \\$aZ39$bOCLC

