=LDR  04224 am a22006617a 4500
=001  016059460
=003  Uk
=005  20120410100010.0
=008  120326s2012\\\\dcua\\\\\b\\\\000\0\eng\d
=010  \\$a  2011276793
=020  \\$a9780309219143
=020  \\$a0309219140
=035  \\$a(OCoLC)ocn760996642
=040  \\$aVET$beng$cVET$dNRZ$dOCLCQ$dAAA$dORU$dNTD$dYDXCP$dE7B$dBWX$dDLC$dUk
=042  \\$aukblderived
=043  \\$an-us---
=050  00$aRA395.A3$bE844 2012
=082  04$a368.4200973$223$qUK-WkNB
=245  00$aEssential health benefits :$bbalancing coverage and cost /$cCheryl Ulmer ... [et al.], editors ; Committee on Defining and Revising an Essential Health Benefits Package for Qualified Health Plans, Board on Health Care Services, Institute of Medicine of the National Academies.
=260  \\$aWashington, D.C. :$bNational Academies Press,$cc2012.
=300  \\$axxiii, 231 p. :$bill. ;$c28 cm.
=336  \\$atext$2rdacontent
=337  \\$aunmediated$2rdamedia
=338  \\$avolume$2rdacarrier
=504  \\$aIncludes bibliographical references.
=505  0\$aIntroduction -- Approaches to determining covered benefits and benefit design -- Policy foundations and criteria for the EHB [Essential Health Benefits] -- Resolving ACA [Affordorable Care Act] intent -- Defining the EHB -- Public deliberation -- Program monitoring and research -- Allowance for state innovation -- Updating the EHB.
=520  \\$a"In 2010, an estimated 50 million people were uninsured in the United States. A portion of the uninsured reflects unemployment rates; however, this rate is primarily a reflection of the fact that when most health plans meet an individual's needs, most times, those health plans are not affordable. Research shows that people without health insurance are more likely to experience financial burdens associated with the utilization of health care services. But even among the insured, underinsurance has emerged as a barrier to care. The Patient Protection and Affordable Care Act (ACA) has made the most comprehensive changes to the provision of health insurance since the development of Medicare and Medicaid by requiring all Americans to have health insurance by 2016. An estimated 30 million individuals who would otherwise be uninsured are expected to obtain insurance through the private health insurance market or state expansion of Medicaid programs. The success of the ACA depends on the design of the essential health benefits (EHB) package and its affordability."--Publisher's description.
=530  \\$aAlso available online.
=610  10$aUnited States.$tPatient Protection and Affordable Care Act.
=650  \0$aHealth care reform$zUnited States.
=650  \0$aHealth insurance$zUnited States$xCosts$xForecasting.
=650  \0$aHealth insurance$zUnited States$xStates.
=650  \0$aMedical care, Cost of$zUnited States$xForecasting.
=650  \0$aHealth services accessibility$zUnited States.
=650  \2$aInsurance Benefits$zUnited States.
=650  \2$aInsurance Benefits$xeconomics$zUnited States.
=650  \2$aInsurance, Health$zUnited States.
=650  \2$aInsurance, Health$xeconomics$zUnited States.
=690  7\$aManagement and Business Studies$2blcoll
=690  7\$aSocial Welfare$2blcoll
=700  1\$aUlmer, Cheryl.
=710  2\$aInstitute of Medicine (U.S.).$bCommittee on Defining and Revising an Essential Health Benefits Package for Qualified Health Plans.
=710  2\$aInstitute of Medicine (U.S.).$bBoard on Health Care Services.
=852  41$aBritish Library$bDSC$jm12/.11456
=856  41$3National Academies Press$uhttp://www.nap.edu/catalog.php?record_id=13234
=856  40$3ebrary$uhttp://site.ebrary.com/id/10531103
=985  \\$aCorrected by MS generated file for WR# 13.051
=CAT  \\$aBATCH-APP$b00$c20120330$lBLL01$h2104
=CAT  \\$a5512$b40$c20120410$lBLL01$h1000
=CAT  \\$aBLSS-CORR$b00$c20130327$lBLL01$h1529
=CAT  \\$aBATCH-MBS$c20130405$lBLL01$h2112
=CAT  \\$aBATCH-SWP$c20130412$lBLL01$h2302
=CAT  \\$aBATCH-UPD$b00$c20170116$lBLL01$h2027
=FIN  \\$aY$d20120410
=FMT  \\$a  BK
=LAS  \\$aBATCH-UPD$b00$c20170116$lBLL01$h2027
=SRC  \\$aBlackwells
=SRC  \\$aBLL02

