=LDR  04258 am a22005057a 4500
=001  016064626
=003  Uk
=005  20120417124932.0
=008  120125s2011\\\\dcuab\\\\b\\\\000\0\eng\c
=020  \\$a9780309187510
=020  \\$a0309187516
=035  \\$a(OCoLC)773828613
=040  \\$aNRZ$beng$cNRZ$dOCLCQ$dAAA$dUPM$dYDXCP$dE7B$dOCLCQ$dUk
=042  \\$aukblderived
=043  \\$an-us---
=050  04$aHD9502.5.B543$bU658 2011
=082  04$a333.7940973$223$qUK-WkNB
=110  2\$aNational Research Council (U.S.).$bCommittee on Economic and Environmental Impacts of Increasing Biofuels Production.
=245  10$aRenewable fuel standard :$bpotential economic and environmental effects of U.S. biofuel policy /$cCommittee on Economic and Environmental Impacts of Increasing Biofuels Production, Board on Agricultural and Natural Resources, Division on Earth and Life Studes ; Board on Energy and Environmental Systems, Division on Engineering and Physical Sciences, National Research Council of the National Academies.
=260  \\$aWashington, D.C. :$bNational Academies Press,$cc2011.
=300  \\$axxi, 393 p. :$bill. (some col.), col. maps ;$c23 cm.
=336  \\$atext$2rdacontent
=337  \\$aunmediated$2rdamedia
=338  \\$avolume$2rdacarrier
=504  \\$aIncludes bibliographical references.
=505  0\$aIntroduction -- Biofuel supply chain -- Projected supply of cellulosic biomass -- The economics and economic effects of biofuel production -- Environmental effects and tradeoffs of biofuels -- Barriers to achieving RFS2 [Renewable Fuel Standard].
=520  3\$a"In the United States, we have come to depend on plentiful and inexpensive energy to support our economy and lifestyles. In recent years, many questions have been raised regarding the sustainability of our current pattern of high consumption of nonrenewable energy and its environmental consequences. Further, because the United States imports about 55 percent of the nation's consumption of crude oil, there are additional concerns about the security of supply. Hence, efforts are being made to find alternatives to our current pathway, including greater energy efficiency and use of energy sources that could lower greenhouse gas (GHG) emissions such as nuclear and renewable sources, including solar, wind, geothermal, and biofuels. The United States has a long history with biofuels and the nation is on a course charted to achieve a substantial increase in biofuels. Renewable Fuel Standard evaluates the economic and environmental consequences of increasing biofuels production as a result of Renewable Fuels Standard, as amended by EISA (RFS2). The report describes biofuels produced in 2010 and those projected to be produced and consumed by 2022, reviews model projections and other estimates of the relative impact on the prices of land, and discusses the potential environmental harm and benefits of biofuels production and the barriers to achieving the RFS2 consumption mandate. Policy makers, investors, leaders in the transportation sector, and others with concerns for the environment, economy, and energy security can rely on the recommendations provided in this report."--Publisher's description.
=530  \\$aAlso available in Open Book format via the National Academies Press home page.
=650  \0$aBiomass energy industries$xStandards$zUnited States.
=650  \0$aRenewable energy sources$xStandards$zUnited States.
=650  \0$aBiomass energy$xEnvironmental aspects$zUnited States.
=650  \0$aEnergy crops industry$zUnited States.
=650  \0$aEnergy policy$zUnited States.
=710  2\$aNational Research Council (U.S.).$bBoard on Agriculture and Natural Resources.
=710  2\$aNational Research Council (U.S.).$bBoard on Energy and Environmental Systems.
=852  41$aBritish Library$bDSC$jm12/.11577
=856  41$3National Academies Press$uhttp://www.nap.edu/catalog.php?record_id=13105
=985  \\$aCorrected by MS generated file for WR# 13.051
=CAT  \\$aBATCH-APP$b00$c20120406$lBLL01$h2105
=CAT  \\$a11002$b40$c20120417$lBLL01$h1249
=CAT  \\$aBLSS-CORR$b00$c20130327$lBLL01$h1529
=FIN  \\$aY$d20120417
=FMT  \\$a  BK
=LAS  \\$aBLSS-CORR$b00$c20130327$lBLL01$h1529
=SID  \\$aZ39$bOCLC

