=LDR  03715 am a22005417a 4500
=001  016100339
=003  Uk
=005  20120615104825.0
=008  120121s2012\\\\dcua\\\\\b\\\\100\0\eng\c
=020  \\$a9780309222143
=020  \\$a0309222141
=035  \\$a(OCoLC)773671733$z(OCoLC)773258051
=040  \\$aBTCTA$beng$cBTCTA$dAAA$dUPM$dYDXCP$dOCLCQ$dUk
=042  \\$aukblderived
=043  \\$an-us---
=050  \4$aRM301.25$b.S768 2011
=082  04$a615.19$223$qUK-WkNB
=111  2\$aStrengthening a Workforce for Innovative Regulatory Science in Therapeutics Development$d(2011 :$cWashington, D.C.)
=245  10$aStrengthening a Workforce for Innovative Regulatory Science in Therapeutics Development :$bworkshop summary /$cSteve Olson and Anne B. Claiborne, rapporteurs ; Forum on Drug Discovery, Development, and Translation, Board on Health Sciences Policy, Institute of Medicine of the National Academies.
=260  \\$aWashington, D.C. :$bNational Academies Press,$cc2012.
=300  \\$axvi, 102 p. :$bill. ;$c23 cm.
=336  \\$atext$2rdacontent
=337  \\$aunmediated$2rdamedia
=338  \\$avolume$2rdacarrier
=504  \\$aIncludes bibliographical references (p. 65).
=505  0\$aIntroduction -- Defining a discipline of regulatory science and core competencies for its workforce -- Education and training of a regulatory science workforce -- Career paths within academia and industry -- International applications of regulatory science -- Collaborative models and new paradigms for supporting regulatory science research and practice.
=520  \\$aThe development and application of regulatory science - which FDA has defined as the science of developing new tools, standards, and approaches to assess the safety, efficacy, quality, and performance of FDA-regulated products - calls for a well-trained, scientifically engaged, and motivated workforce. FDA faces challenges in retaining regulatory scientists and providing them with opportunities for professional development. In the private sector, advancement of innovative regulatory science in drug development has not always been clearly defined, well coordinated, or connected to the needs of the agency. As a follow-up to a 2010 workshop, the IOM held a workshop on September 20-21, 2011, to provide a format for establishing a specific agenda to implement the vision and principles relating to a regulatory science workforce and disciplinary infrastructure as discussed in the 2010 workshop.
=530  \\$aAlso available in Open Book format via the national Academies Press home page.
=610  10$aUnited States.$bFood and Drug Administration.
=650  \0$aPharmaceutical policy$zUnited States$xRegulations$vCongresses.
=650  \0$aDrugs$zUnited States$xRegulations$vCongresses.
=650  \0$aDrug development$zUnited States$vCongresses.
=650  \0$aPharmaceutical industry$xVocational guidance$zUnited States$vCongresses.
=650  \0$aPharmaceutical industry$zUnited States$xQuality control$vCongresses.
=650  \2$aDrug Approval$xmanpower$zUnited States$vCongresses.
=700  1\$aOlson, Steve,$d1956-
=700  1\$aClaiborne, Anne B.
=710  2\$aInstitute of Medicine (U.S.).$bForum on Drug Discovery, Development, and Translation.
=852  41$aBritish Library$bDSC$jm12/.12783
=856  41$3National Academies Press$uhttp://www.nap.edu/catalog.php?record_id=13283
=985  \\$aCorrected by MS generated file for WR# 13.051
=CAT  \\$aBATCH-APP$b00$c20120606$lBLL01$h2100
=CAT  \\$a11002$b40$c20120615$lBLL01$h1048
=CAT  \\$aBLSS-CORR$b00$c20130327$lBLL01$h1529
=FIN  \\$aY$d20120615
=FMT  \\$a  BK
=LAS  \\$aBLSS-CORR$b00$c20130327$lBLL01$h1529
=SID  \\$aZ39$bOCLC

