=LDR  05238 am a22005295  4500
=001  016101081
=003  Uk
=005  20120615111513.0
=008  120516s2012\\\\dcua\\\\\b\\\\000\0\eng\d
=010  \\$a  2011278399
=020  \\$a9780309221382
=020  \\$a0309221382
=035  \\$a(OCoLC)ocn773671731
=040  \\$aNhCcYBP$cNhCcYBP$dUk
=042  \\$aukblcatcopy
=050  00$aTN871.215$b.N333 2012
=082  04$a622.3382$223$qUK-WkNB
=110  2\$aNational Research Council (U.S.).$bCommittee on the Analysis of Causes of the Deepwater Horizon Explosion, Fire, and Oil Spill to Identify Measures to Prevent Similar Accidents in the Future.
=245  10$aMacondo well Deepwater Horizon blowout :$blessons for improving offshore drilling safety /$cCommittee on the Analysis of Causes of the Deepwater Horizon Explosion, Fire, and Oil Spill to Identify Measures to Prevent Similar Accidents in the Future, Marine Board, Board on Environmental Studies and Toxicology, National Academy of Engineering, and National Research Council of the National Academies.
=260  \\$aWashington, D.C. :$bNational Academies Press,$cc2012.
=300  \\$axix, 176 p. :$bill. (some col.) ;$c23 cm.
=336  \\$atext$2rdacontent
=337  \\$aunmediated$2rdamedia
=338  \\$avolume$2rdacarrier
=504  \\$aIncludes bibliographical references.
=505  0\$aIntroduction -- Well design and construction -- Blowout preventer system -- Mobile offshore drilling units -- Industry management of offshore drilling -- Regulatory reform -- Concluding comments -- References -- Appendix A : Statement of task -- Appendix B : Public agendas of the Committee on the Analysis of Causes of the Deepwater Horizon Explosion, Fire, and Oil Spill to Identify Measures to Prevent Similar Accidents in the Future -- Appendix C : Findings, observations, and recommendations -- Appendix D : Calculating the differential pressure at the start of the negative test and the quality of foam cement -- Study committee biographical information.
=520  \\$a"The blowout of the Macondo well on April 20, 2010, led to enormous consequences for the individuals involved in the drilling operations, and for their families. Eleven workers on the Deepwater Horizon drilling rig lost their lives and 16 others were seriously injured. There were also enormous consequences for the companies involved in the drilling operations, to the Gulf of Mexico environment, and to the economy of the region and beyond. The flow continued for nearly 3 months before the well could be completely killed, during which time, nearly 5 million barrels of oil spilled into the gulf. Macondo Well-Deepwater Horizon Blowout examines the causes of the blowout and provides a series of recommendations, for both the oil and gas industry and government regulators, intended to reduce the likelihood and impact of any future losses of well control during offshore drilling. .According to this report, companies involved in offshore drilling should take a "system safety" approach to anticipating and managing possible dangers at every level of operation -- from ensuring the integrity of wells to designing blowout preventers that function under all foreseeable conditions-- .in order to reduce the risk of another accident as catastrophic as the Deepwater Horizon explosion and oil spill. In addition, an enhanced regulatory approach should combine strong industry safety goals with mandatory oversight at critical points during drilling operations. Macondo Well-Deepwater Horizon Blowout discusses ultimate responsibility and accountability for well integrity and safety of offshore equipment, formal system safety education and training of personnel engaged in offshore drilling, and guidelines that should be established so that well designs incorporate protection against the various credible risks associated with the drilling and abandonment process. This book will be of interest to professionals in the oil and gas industry, government decision makers, environmental advocacy groups, and others who seek an understanding of the processes involved in order to ensure safety in undertakings of this nature."--Publisher's description.
=530  \\$aAlso available online.
=650  \0$aDeepwater Horizon (Drilling rig)$xNatural gas in submerged lands.
=650  \0$aOffshore oil well drilling$xAccidents$xPrevention.
=650  \0$aOffshore oil well drilling$xStandards.
=650  \0$aOil well drilling$xAccidents$xPrevention.
=650  \0$aUnderwater drilling$xSafety measures.
=650  \0$aBP Deepwater Horizon Explosion and Oil Spill, 2010.
=710  2\$aNational Research Council (U.S.).$bBoard on Environmental Studies and Toxicology.
=852  41$aBritish Library$bDSC$jm12/.12715
=852  41$aBritish Library$bDSC$jOn order
=856  41$3National Academies Press$uhttp://books.nap.edu/catalog.php?record_id=13273
=985  \\$aCorrected by MS generated file for WR# 13.051
=CAT  \\$aBATCH-APP$b00$c20120608$lBLL01$h2105
=CAT  \\$a5703$b40$c20120615$lBLL01$h1115
=CAT  \\$aBLSS-CORR$b00$c20130327$lBLL01$h1529
=FIN  \\$aY$d20120615
=FMT  \\$a  BK
=LAS  \\$aBLSS-CORR$b00$c20130327$lBLL01$h1529
=SRC  \\$aBlackwells
=SRC  \\$aBLL02

