=LDR  05206 am a2200517 a 4500
=001  016105201
=003  Uk
=005  20120621140314.0
=008  120224s2012\\\\dcua\\\\\b\\\\000\0\eng\c
=020  \\$a9780309253284
=020  \\$a0309253284
=035  \\$a(OCoLC)778423891$z(OCoLC)777935931
=040  \\$aBTCTA$beng$cBTCTA$dNRZ$dUPM$dOCLCQ$dAAA$dYDXCP$dBWX$dUk
=042  \\$aukblderived
=043  \\$an-us---
=050  \4$aT174.7$b.N396 2012
=082  04$a620.50289$223$qUK-WkNB
=110  2\$aNational Research Council (U.S.).$bCommittee to Develop a Research Strategy for Environmental, Health, and Safety Aspects of Engineered Nanomaterials.
=245  12$aA research strategy for environmental, health and safety aspects of engineered nanomaterials /$cCommittee to Develop a Research Strategy for Environmental, Health, and Safety Aspects of Engineered Nanomaterials ; Board on Environmental Studies and Toxicology ; Board on Chemical Sciences and Technology, Division on Earth and Life Sciences ; National Materials and Manufacturing Board, Division on Engineering and Physical Sciences, National Research Council of the National Academies.
=260  \\$aWashington, D.C. :$bNational Academies Press,$cc2012.
=300  \\$axviii, 211 p. :$bill. (some col.) ;$c23 cm.
=336  \\$atext$2rdacontent
=337  \\$aunmediated$2rdamedia
=338  \\$avolume$2rdacarrier
=504  \\$aIncludes bibliographical references.
=505  0\$aBackground -- A conceptual framework for considering environmenal, health, and safety risks of nanomaterials -- Critical questions for understanding human and environmental effects of engineered nanomaterials -- New tools and approaches for identifying properties of engineered nanomaterials that indicate risks -- Research priorities and resource needs -- Implementing the research strategy and evaluating progress.
=505  0\$aAppendixes: A: biographic information on the committee to develop a research strategy for environmental, health, and safety aspects of engineered nanomaterials -- B: Implementation scenarios: informatics and information-sharing.
=520  \\$a"The nanotechnology sector, which generated about 225 billion dollars in product sales in 2009, is predicted to expand rapidly over the next decade with the development of new technologies that have new capabilities. The increasing production and use of engineered nanomaterials (ENMs) may lead to greater exposures of workers, consumers, and the environment, and the unique scale-specific and novel properties of the materials raise questions about their potential effects on human health and the environment. Over the last decade, government agencies, academic institutions, industry, and others have conducted many assessments of the environmental, health, and safety (EHS) aspects of nanotechnology. The results of those efforts have helped to direct research on the EHS aspects of ENMs. However, despite the progress in assessing research needs and despite the research that has been funded and conducted, developers, regulators, and consumers of nanotechnology-enabled products remain uncertain about the types and quantities of nanomaterials in commerce or in development, their possible applications, and their associated risks. A research strategy for environmental, health, and safety aspects of engineered nanomaterials presents a strategic approach for developing the science and research infrastructure needed to address uncertainties regarding the potential EHS risks of ENMs. The report summarizes the current state of the science and high-priority data gaps on the potential EHS risks posed by ENMs and describes the fundamental tools and approaches needed to pursue an EHS risk research strategy. The report also presents a proposed research agenda, short-term and long-term research priorities, and estimates of needed resources and concludes by focusing on implementation of the research strategy and evaluation of its progress, elements that the committee considered integral to its charge."--Publisher's description.
=530  \\$aAlso available in Open Book format via the National Academies Press home page.
=650  \0$aNanostructured materials$xHealth aspects$xResearch.
=650  \0$aNanostructured materials$xEnvironmental aspects$xResearch.
=650  \0$aNanotechnology$xResearch$xGovernment policy$zUnited States.
=650  \0$aNanotechnology$xRisk assessment$xGovernment policy$zUnited States.
=710  2\$aNational Research Council (U.S.).$bBoard on Environmental Studies and Toxicology.
=710  2\$aNational Research Council (U.S.).$bNational Materials and Manufacturing Board.
=710  2\$aNational Research Council (U.S.).$bBoard on Chemical Sciences and Technology.
=852  41$aBritish Library$bDSC$jm12/.12974
=856  41$3National Academies Press$uhttp://www.nap.edu/catalog.php?record_id=13347
=985  \\$aCorrected by MS generated file for WR# 13.051
=CAT  \\$aBATCH-APP$b00$c20120615$lBLL01$h2107
=CAT  \\$a5512$b40$c20120621$lBLL01$h1403
=CAT  \\$aBLSS-CORR$b00$c20130327$lBLL01$h1529
=FIN  \\$aY$d20120621
=FMT  \\$a  BK
=LAS  \\$aBLSS-CORR$b00$c20130327$lBLL01$h1529
=SID  \\$aZ39$bOCLC

