=LDR  04466 am a22005415  4500
=001  016124737
=003  Uk
=005  20120723113129.0
=008  120411s2012\\\\dcuab\\\\b\\\\000\0\eng\c
=020  \\$a0309254019
=020  \\$a9780309254014
=035  \\$a(OCoLC)785428580$z(OCoLC)778423893
=040  \\$aNhCcYBP$cNhCcYBP$dUk
=042  \\$aukblderived
=043  \\$an-us---
=050  \4$aTJ163.5.B84$bE225 2012
=082  04$a696$223
=245  00$aEffective tracking of building energy use :$bimproving the Commercial Buildings and Residential Energy Consumption Surveys /$cPanel on Redesigning the Commercial Buildings and Residential Energy Consumption Surveys of the Energy Information Administration ; William F. Eddy and Krisztina Marton, editors ; Committee on National Statistics, Division of Behavioral and Social Sciences and Education ; Board on Energy and Environmental Systems, Division on Engineering and Physical Sciences ; National Research Council of the National Academies.
=260  \\$aWashington, D.C. :$bNational Academies Press,$cc2012.
=300  \\$axiv, 133 p. :$bill., maps ;$c23 cm.
=336  \\$atext$2rdacontent
=337  \\$aunmediated$2rdamedia
=338  \\$avolume$2rdacarrier
=504  \\$aIncludes bibliographical references (p. 93-95).
=505  0\$aIntroduction -- Historical background -- Commercial Buildings Energy Consumption Survey Program : history and design -- Residential Energy Consumption Survey Program : history and design -- Redesigning the Commercial Buildings Energy Consumption Survey -- Redesigning the Residential Energy Consumption Survey -- A state-of-the-art energy consumption data collection program -- References -- Appendixes.
=520  \\$a"The United States is responsible for nearly one-fifth of the world's energy consumption. Population growth, and the associated growth in housing, commercial floor space, transportation, goods, and services is expected to cause a 0.7 percent annual increase in energy demand for the foreseeable future. The energy used by the commercial and residential sectors represents approximately 40 percent of the nation's total energy consumption, and the share of these two sectors is expected to increase in the future. The Commercial Buildings Energy Consumption Survey (CBECS) and Residential Energy Consumption Survey (RECS) are two major surveys conducted by the Energy Information Administration. The surveys are the most relevant sources of data available to researchers and policy makers on energy consumption in the commercial and residential sectors. Many of the design decisions and operational procedures for the CBECS and RECS were developed in the 1970s and 1980s, and resource limitations during much of the time since then have prevented EIA from making significant changes to the data collections. Effective tracking of building energy use makes recommendations for redesigning the surveys based on a review of evolving data user needs and an assessment of new developments in relevant survey methods"--Publisher's description.
=530  \\$aAlso available in Open Book format via the National Academies Press home page.
=650  \0$aBuildings$xEnergy conservation$zUnited States.
=650  \0$aBuildings$xEnergy consumption$zUnited States.
=650  \0$aDwellings$xEnergy conservation$zUnited States.
=650  \0$aDwellings$xEnergy consumption$zUnited States.
=650  \0$aBuildings$xEnergy consumption$vSurveys$xMethodology.
=700  1\$aEddy, William F.
=700  1\$aMarton, Krisztina.
=710  2\$aNational Research Council (U.S.).$bPanel on Redesigning the Commercial Buildings and Residential Energy Consumption Surveys of the Energy Information Administration.
=710  2\$aNational Research Council (U.S.).$bCommittee on National Statistics.
=710  2\$aNational Research Council (U.S.).$bBoard on Energy and Environmental Systems.
=710  2\$aNational Academies Press (U.S.)
=776  08$iOnline version:$tEffective tracking of building energy use.$w(OCoLC)777935934$dWashington, D.C. : National Academies Press, c2012$z0309254019
=852  41$aBritish Library$bDSC$jm12/.13775
=856  41$3National Academies Press$uhttp://www.nap.edu/catalog.php?record_id=13360
=CAT  \\$aBATCH-APP$b00$c20120713$lBLL01$h2102
=CAT  \\$a5703$b40$c20120723$lBLL01$h1131
=FIN  \\$aY$d20120723
=FMT  \\$a  BK
=LAS  \\$a5703$b40$c20120723$lBLL01$h1131
=SID  \\$aZ39$bOCLC
=SRC  \\$aBlackwells

