=LDR  02022 am a2200445 a 4500
=001  016150370
=003  Uk
=005  20120904112016.0
=008  120615s2012\\\\dcua\\\\\b\\\\000\0\eng\d
=020  \\$a9780309256391
=020  \\$a0309256399
=035  \\$a(OCoLC)795762239
=040  \\$aBTCTA$beng$cBTCTA$dAAA$dOCLCQ$dNTD$dYDXCP$dCDX$dBWX$dUk
=042  \\$aukblderived
=043  \\$an-us---
=082  04$a378.73$223
=110  2\$aNational Research Council (U.S.).$bCommittee on Research Universities.
=245  10$aResearch universities and the future of America :$bten breakthrough actions vital to our nation's prosperity and security /$cCommittee on Research Universities, Board on Higher Education and Workforce, Policy and Global Affairs, National Research Council of the National Academies.
=260  \\$aWashington, D.C. :$bNational Academies Press,$cc2012.
=300  \\$axxii, 227 p. :$bill. (some col.) ;$c23 cm.
=336  \\$atext$2rdacontent
=337  \\$aunmediated$2rdamedia
=338  \\$avolume$2rdacarrier
=504  \\$aIncludes bibliographical references.
=505  0\$aPrologue -- National goals and assets -- America's research universities -- Threats and weaknesses -- Action -- Conculsion.
=530  \\$aAlso available in electronic form.
=650  \0$aUniversities and colleges$zUnited States$xEvaluation.
=650  \0$aUniversities and colleges$zUnited States$xAdministration.
=650  \0$aEducation, Higher$zUnited States$xFinance.
=650  \0$aEducation, Higher$xAims and objectives$zUnited States.
=650  \0$aEducation and globalization.
=710  2\$aNational Research Council (U.S.).$bBoard on Higher Education and Workforce.
=852  41$aBritish Library$bDSC$jm12/.14982
=856  41$3National Academies Press$uhttp://www.nap.edu/catalog.php?record_id=13396
=CAT  \\$aBATCH-APP$b00$c20120817$lBLL01$h2116
=CAT  \\$a5512$b40$c20120904$lBLL01$h1120
=FIN  \\$aY$d20120904
=FMT  \\$a  BK
=LAS  \\$a5512$b40$c20120904$lBLL01$h1120
=SID  \\$aZ39$bOCLC

