=LDR  02417 am a2200493 a 4500
=001  016165983
=003  Uk
=005  20121130123349.0
=008  120516s2012\\\\dcua\\\\\b\\\\100\0\eng\d
=020  \\$a9780309219662 (pbk.) :$cNo price
=020  \\$a0309219663 (pbk.) :$cNo price
=035  \\$a(OCoLC)793806636$z(OCoLC)794039889
=040  \\$aYDXCP$beng$cYDXCP$dBTCTA$dNRZ$dOCLCO$dIXA$dOCLCQ$dUk
=042  \\$aukblsr
=043  \\$aa-ii---
=082  04$a616.995061$223
=110  2\$aInstitute of Medicine (U.S.).$bForum on Drug Discovery, Development, and Translation.
=245  10$aFacing the reality of drug-resistant tuberculosis in India :$bchallenges and potential solutions /$cSummary of a joint workshop by the Institute of Medicine, the Indian National Science Academy, and the Indian Council of Medical Research ; Steve Olson ... [et al.], rapporteurs ; Forum on Drug Discovery, Development, and Translation ; Board on Health Sciences Policy ; Institute of Medicine of the National Academies.
=260  \\$aWashington, D.C. :$bNational Academies Press,$cc2012.
=300  \\$axix, 165 p. :$bill. (some col.) ;$c23 cm.
=336  \\$atext$2rdacontent
=337  \\$aunmediated$2rdamedia
=338  \\$avolume$2rdacarrier
=504  \\$aIncludes bibliographical references.
=530  \\$aAlso available online.
=591  \\$aSelected papers.
=650  \0$aMultidrug-resistant tuberculosis$zIndia$xPrevention$vCongresses.
=650  \0$aTuberculosis$zIndia$vCongresses.
=650  \0$aDrug resistance$vCongresses.
=653  1\$aDrug resistant tuberculosis
=700  1\$aOlsen, Steve,$d1956-
=710  2\$aInstitute of Medicine (U.S.).$bIndian National Science Academy.
=711  2\$aFacing the reality of drug-resistant tuberculosis in India : challenges and potential solutions (Conference)$d(2011 :$cNew Delhi, India)
=852  41$aBritish Library$bDSC$jm12/.17423
=856  41$3National Academies Press$uhttp://www.nap.edu/catalog.php?record_id=13243
=985  \\$a711 = new
=CAT  \\$aBATCH-APP$b00$c20120908$lBLL01$h1712
=CAT  \\$a5512$b40$c20120920$lBLL01$h1108
=CAT  \\$a10896$b40$c20121130$lBLL01$h1233
=CNF  \\$aFacing the reality of drug-resistant tuberculosis in India : challenges and potential solutions (Conference)$d(2011 Apr :$cNew Delhi, India)
=FIN  \\$aY$d20120920
=FMT  \\$a  BK
=LAS  \\$a10896$b40$c20121130$lBLL01$h1233
=SID  \\$aZ39$bOCLC

