=LDR  03911 am a22004337a 4500
=001  016193907
=003  Uk
=005  20121031073422.0
=008  120405s2012\\\\dcua\\\\\b\\\\000\0\eng\c
=020  \\$a0309256348
=020  \\$a9780309256346
=035  \\$a(OCoLC)784035096$z(OCoLC)785864273
=040  \\$aYDXCP$beng$cYDXCP$dBTCTA$dUPM$dBWX$dNRZ$dCDX$dOCLCQ$dUk
=042  \\$aukblderived
=050  \4$aQA76.9.C65$bA87 2012
=082  04$a515.9$223$qUK-WkNB
=245  00$aAssessing the reliability of complex models :$bmathematical and statistical foundations of verification, validation, and uncertainty quantification /$cCommittee on Mathematical Foundations of Verification, Validation, and Uncertainty Quantification ; Board on Mathematical Sciences and Their Applications ; Division on Engineering and Physical Sciences, National Research Council of the National Academies.
=260  \\$aWashington, D.C. :$bNational Academies Press,$cc2012.
=300  \\$axi, 131 p. :$bill. ;$c28 cm.
=336  \\$atext$2rdacontent
=337  \\$aunmediated$2rdamedia
=338  \\$avolume$2rdacarrier
=504  \\$aIncludes bibliographical references.
=505  0\$aIntroduction -- Sources of uncertainty and error -- Verification -- Emulation, reduced-order modeling, and forward propagation -- Model validation and prediction -- Making decisions -- Next steps in practice, research, and education for verification, validation, and uncertainty quantification -- Appendixes.
=520  \\$a"Advances in computing hardware and algorithms have dramatically improved the ability to simulate complex processes computationally. Today's simulation capabilities offer the prospect of addressing questions that in the past could be addressed only by resource-intensive experimentation, if at all. Assessing the Reliability of Complex Models recognizes the ubiquity of uncertainty in computational estimates of reality and the necessity for its quantification. As computational science and engineering have matured, the process of quantifying or bounding uncertainties in a computational estimate of a physical quality of interest has evolved into a small set of interdependent tasks: verification, validation, and uncertainty of quantification (VVUQ). In recognition of the increasing importance of computational simulation and the increasing need to assess uncertainties in computational results, the National Research Council was asked to study the mathematical foundations of VVUQ and to recommend steps that will ultimately lead to improved processes. Assessing the Reliability of Complex Models discusses changes in education of professionals and dissemination of information that should enhance the ability of future VVUQ practitioners to improve and properly apply VVUQ methodologies to difficult problems, enhance the ability of VVUQ customers to understand VVUQ results and use them to make informed decisions, and enhance the ability of all VVUQ stakeholders to communicate with each other. This report is an essential resource for all decision and policy makers in the field, students, stakeholders, UQ experts, and VVUQ educators and practitioners."--Publisher's description.
=530  \\$aAlso available online.
=650  \0$aComputer simulation.
=650  \0$aUncertainty$xMathematical models.
=710  2\$aNational Research Council (U.S.).$bCommittee on Mathematical Foundations of Verification, Validation, and Uncertainty Quantification.
=852  41$aBritish Library$bDSC$jm12/.16721
=856  41$3National Academies Press$uhttp://www.nap.edu/catalog.php?record_id=13395
=985  \\$aCorrected by MS generated file for WR# 13.051
=CAT  \\$aBATCH-APP$b00$c20121019$lBLL01$h2103
=CAT  \\$a11002$b40$c20121031$lBLL01$h0734
=CAT  \\$aBLSS-CORR$b00$c20130327$lBLL01$h1530
=FIN  \\$aY$d20121031
=FMT  \\$a  BK
=LAS  \\$aBLSS-CORR$b00$c20130327$lBLL01$h1530
=SID  \\$aZ39$bOCLC

