=LDR  03050 am a22004577a 4500
=001  016309939
=003  Uk
=005  20130409073540.0
=008  121012s2012\\\\dcua\\\\\b\\\\000\0\eng\d
=010  \\$a  2012951535
=020  \\$a9780309264891 (pbk.)
=020  \\$a0309264898 (pbk.)
=035  \\$a(OCoLC)ocn813926152
=040  \\$aBTCTA$beng$cBTCTA$dJDT$dIXA$dYDXCP$dAAA$dBWX$dDLC$dUk
=042  \\$aukblderived
=043  \\$an-us---
=050  00$aTD170$b.N37 2012
=110  2\$aNational Research Council (U.S.).$bCommittee on Science for EPA's Future.
=245  10$aScience for environmental protection :$bthe road ahead /$cCommittee on Science for EPA's Future, Board on Environmental Studies and Toxicology, Division on Earth and Life Studies, National Research Council.
=260  \\$aWashington, DC :$bNational Academies Press,$cc2012.
=300  \\$axvi, 233 p. :$bill. (chiefly col.) ;$c23 cm.
=336  \\$atext$2rdacontent
=337  \\$aunmediated$2rdamedia
=338  \\$avolume$2rdacarrier
=500  \\$a"In anticipation of future environmental science and engineering challenges and technologic advances, [USEPA] asked the National Research Council (NRC) to assess the overall capabilities of the agency to develop, obtain, and use the best available scientific and technologic information and tools to meet persistent, emerging, and future mission challenges and opportunities. Although the committee cannot predict with certainty what new environmental problems EPA will face in the next 10 years or more, it worked to identify some of the common drivers and common characteristics of problems that are likely to occur."-- website description.
=504  \\$aIncludes bibliographical references.
=505  0\$aIntroduction -- Challenges of the 21st century -- Using emerging science and technologies to address persistent and future environmental challenges -- Building science for environmental protection in the 21st century -- Enhanced scientific leadership and capacity in the US Environmental Protection Agency -- Findings and recommendations.
=505  0\$aAppendices: Statement of task of the committee on science for EPA's future -- Biographical information on the committee on science for EPA's future -- The rapidly expanding field of "-omics" technologies -- Scientific computing, information technology, and informatics.
=530  \\$aAlso available via the internet. Last viewed December 21, 2012.
=610  10$aUnited States.$bEnvironmental Protection Agency.
=650  \0$aEnvironmental protection$zUnited States.
=650  \0$aEnvironmental protection$xDecision making.
=710  2\$aNational Research Council (U.S.).$bBoard on Environmental Studies and Toxicology.
=852  41$aBritish Library$bDSC$jm13/.12943
=856  42$3Electronic resource$uhttp://www.nap.edu/catalog.php?record_id=13510
=CAT  \\$aBATCH-APP$b00$c20130329$lBLL01$h2118
=CAT  \\$a10904$b40$c20130409$lBLL01$h0735
=FIN  \\$aY$d20130409
=FMT  \\$a  BK
=LAS  \\$a10904$b40$c20130409$lBLL01$h0735
=SRC  \\$aBLL02

