=LDR  01814 am a2200445 i 4500
=001  016425453
=003  Uk
=005  20130620111113.0
=008  130503s2013\\\\dcu\\\\\\b\\\\001\0\eng\d
=020  \\$a9780309264228 (pbk.)
=020  \\$a0309264227
=035  \\$a(OCoLC)841580078
=040  \\$aNRC$beng$cNRC$dNRC$dNTD$dNDD$dYDXCP$dOCLCQ$dOCLCO$dUk$erda
=042  \\$aukblderived
=043  \\$an-us---
=050  04$aE184.M5$bP36 2013
=050  \\$aJV6461$b.O685 2013
=110  2\$aPanel on Survey Options for Estimating the Flow of Unauthorized Crossings at the U.S.-Mexican Border,$eauthor.
=245  10$aOptions for estimating illegal entries at the U.S.- Mexico border /$cAlicia Carriquiry and Malay Majmundar, Editors.
=264  \1$aWashington, D.C. :$bNational Academies Press,$c2013.
=300  \\$axi, 142 pages ;$c24 cm
=336  \\$atext$btxt$2rdacontent
=337  \\$aunmediated$bn$2rdamedia
=338  \\$avolume$bnc$2rdacarrier
=504  \\$aIncludes bibliographical references (pages 111-123) and index.
=650  \0$aIllegal aliens$zUnited States$xStatistical methods.
=650  \0$aIllegal aliens$zMexican-American Border Region.
=700  1\$aCarriquiry, Alicia,$eeditor.
=700  1\$aMajmundar, Malay Kiran,$eeditor.
=776  08$iOnline version:$tOptions for estimating illegal entries at the U.S.- Mexico border$w(OCoLC)823907596
=852  41$aBritish Library$bDSC$jm13/.15010
=856  41$3National Academies Press$uhttp://www.nap.edu/openbook.php?record_id=13498
=CAT  \\$aBATCH-APP$b00$c20130605$lBLL01$h2121
=CAT  \\$a5512$b40$c20130618$lBLL01$h1659
=CAT  \\$a7416$b40$c20130620$lBLL01$h1111
=CAT  \\$aBATCH-UPD$b40$c20180823$lBLL01$h2313
=FIN  \\$aY$d20130618
=FMT  \\$a  BK
=LAS  \\$aBATCH-UPD$b40$c20180823$lBLL01$h2313
=SID  \\$aZ39$bOCLC

