=LDR  05142 am a22004937i 4500
=001  016425455
=003  Uk
=005  20130619083151.0
=008  121016s2013\\\\dcua\\\\\b\\\\000\0\eng\d
=020  \\$a0309260558 (paperback)
=020  \\$a9780309260558 (paperback)
=035  \\$a(OCoLC)813210705$z(OCoLC)813926085
=040  \\$aYDXCP$beng$cYDXCP$dBTCTA$dOCLCQ$dAZS$dNTD$dVET$dUPM$dCUT$dOCLCQ$dUk$erda
=042  \\$aukblderived
=043  \\$an-us---
=110  2\$aInstitute of Medicine (U.S.).$bCommittee on Prevention, Diagnosis, Treatment and Management of Substance Use Disorders in the U.S. Armed Forces,$eauthor.
=245  10$aSubstance use disorders in the U.S. Armed Forces /$cCommittee on Prevention, Diagnosis, Treatment and Management of Substance Use Disorders in the U.S. Armed Forces, Board on the Health of Select Populations, Institute of Medicine of the National Academies ; Charles P. O'Brien, Maryjo Oster, and Emily Morden, editors, Institute of Medicine of the National Academies.
=264  \1$aWashington, D.C. :$bThe National Academies Press,$c[2013]
=300  \\$axxv, 389 pages :$billustrations (black and white, and colour) ;$c23 cm
=336  \\$atext$btxt$2rdacontent
=337  \\$aunmediated$bn$2rdamedia
=338  \\$avolume$bnc$2rdacarrier
=504  \\$aIncludes bibliographical references.
=505  0\$aMachine generated contents note: Summary -- 1. Introduction -- Background -- Charge to the Committee -- Approach to the Charge -- Organization of the Report -- References -- 2. Understanding substance use disorders in The Military -- Understanding Substance Use Disorders -- Scope of the Problem -- Development of Military Substance Abuse Policy: A Brief Overview -- Composition and Sociodemographic Characteristics of the Armed Forces -- Prevalence of Substance Use in the Military -- Health Care Burden of Substance Use Disorders -- Conceptual Approach to Prevention, Intervention, and Treatment of Alcohol Use Problems -- Summary -- References -- 3. The Military Health System -- Eligibility for Care -- Direct Care: Military Treatment Facilities -- Purchased Care: TRICARE -- Care for Substance Use Disorders for Military Service Members and Dependents -- Summary -- References -- 4. Changing Standards Of Care For Substance Use Disorders -- Health Care Reform and Parity Requirements.
=505  8\$aOffice of National Drug Control Policy's National Drug Control Strategy -- National Quality Forum's Voluntary Consensus Standards -- Practice Improvement Efforts -- Clinical Practice Guideline of the Department of Veterans Affairs and DoD -- Summary -- References -- 5. Best Practices In Prevention, Screening Diagnosis, And Treatment Of Substance Use Disorders -- Prevention -- Screening, Diagnosis, and Treatment -- Summary -- References -- 6. Policies And Programs On Substance Use Disorders -- Department of Defense -- Air Force -- Army -- Navy -- Marine Corps -- SUD Policies and Programs for Military Dependents in the Direct Care System -- Summary of Key Findings -- References -- 7. Access To Care For Substance Use Disorders -- Framework for Access to Care -- Care Availability, Access, and Utilization in the Direct Care System -- Care Availability, Access, and Utilization in the Veterans Health Administration -- Care Availability, Access, and Utilization in the Purchased Care System.
=520  \\$aOf Key Findings -- References -- 8. Substance Use Disorder Workforce -- Air Force Workforce -- Army Workforce -- Navy Workforce -- Marine Corps Workforce -- DoD Efforts to Review Staffing Requirements -- Summary of Key Findings -- References -- 9. Conclusions And Recommendations -- Increasing Emphasis on Efforts to Prevent Substance Use Disorders -- Developing Strategies for Identifying, Adopting, Implementing, and Disseminating Evidence-Based Programs and Best Practices for SUD Care -- Increasing Access to Care -- Strengthening the SUD Workforce -- Conclusion -- References -- APPENDIXES -- A. Study Activities -- B.S.459 (111th): Support for Substance Use Disorders Act -- C. Section 596 of Public Law 111-84, October 28, 2009 -- D. Program Reviews -- E. Features of Tricare and Related Purchased Care Plans -- F. Workforce Standards for Substance Use Disorder (SUD) Care -- G. Access Standards for Tricare Prime Enrollees -- H. Levels of Care.
=530  \\$aAlso issued online.
=650  \0$aSoldiers$xSubstance use$zUnited States.
=650  \2$aMilitary Medicine$zUnited States.
=650  \2$aMilitary Personnel$zUnited States.
=650  \2$aSubstance-Related Disorders$zUnited States.
=651  \0$aUnited States$xArmed Forces$xMedical care.
=700  1\$aO'Brien, Charles P.,$eeditor.
=700  1\$aOster, Maryjo,$eeditor.
=700  1\$aMorden, Emily,$eeditor.
=852  41$aBritish Library$bDSC$jm13/.14994
=856  41$3National Academies Press$uhttp://www.nap.edu/catalog.php?record_id=13441
=CAT  \\$aBATCH-APP$b00$c20130605$lBLL01$h2121
=CAT  \\$a10904$b40$c20130617$lBLL01$h1054
=CAT  \\$a9671$b40$c20130619$lBLL01$h0831
=FIN  \\$aY$d20130619
=FMT  \\$a  BK
=LAS  \\$a9671$b40$c20130619$lBLL01$h0831
=SID  \\$aZ39$bOCLC

