=LDR  04110 am a2200481 i 4500
=001  016648531
=003  Uk
=005  20140319102631.0
=008  130521s2013\\\\dcua\\\\\b\\\\000\0\eng\d
=010  \\$a  2013941001
=020  \\$a9780309287340
=020  \\$a0309287340
=035  \\$a(OCoLC)ocn854758370
=040  \\$aNRC$cNRC$dOCLCO$dNRZ$dDLC$erda
=042  \\$aukblcatcopy
=050  00$aHT391$b.B455 2013
=245  00$aBest practices in state and regional innovation initiatives :$bcompeting in the 21st century /$cCharles W. Wessner, Editor; Committee on Competing in the 21st Century: Best Practice in State and Regional Innovation Innitiatives ; Board on Science, Technology, and Economic Policy, Policy and Global Affairs ; National Research Council of the National Academies.
=264  \1$aWashington, D. C. :$bThe National Academies Press,$c2013.
=300  \\$axvi, 240 pages :$billustrations ;$c23 cm
=336  \\$atext$btxt$2rdacontent
=337  \\$aunmediated$bn$2rdamedia
=338  \\$avolume$bnc$2rdacarrier
=504  \\$aBibliography: pages 187-216.
=505  0\$aPreface -- Executive Summary -- Innovation and Place-Based Economic Development -- Catalytic Role of Public Purpose Organizations -- Review of Selected State and Regional Practices -- Bibliography -- Annex A: Stanford and Silicon Valley -- Annex B: North Carolina's Research Triangle Park.
=520  \\$a"Most of the policy discussion about stimulating innovation has focused on the federal level. This study focuses on the significant activity at the state level, with the goal of improving the public's understanding of key policy strategies and exemplary practices. Based on a series of workshops and conferences that brought together policymakers along with leaders of industry and academia in a select number of states, the study highlights a rich variety of policy initiatives underway at the state and regional level to foster knowledge based growth and employment. Perhaps what distinguishes this effort at the state level is most of all the high degree of pragmatism. Operating out of necessity, innovation policies at the state level often involve taking advantage of existing resources and recombining them in new ways, forging innovative partnerships among universities, industry and government organizations, growing the skill base, and investing in the infrastructure to develop new technologies and new industries. Many of these initiatives are being guided by leaders from the private sector and universities. The objective of Best Practices in State and Regional Innovation Initiatives: Competing in the 21st Century is not to do an empirical review of the inputs and outputs of various state programs. Nor is it to evaluate which programs are superior. Indeed, some of the notable successes, such as the Albany nanotechnology cluster, represent a leap of leadership, investment, and sustained commitment that has had remarkable results in an industry that is actively pursued by many countries. The study's goal is to illustrate the approaches taken by a variety of highly diverse states as they confront the increasing challenges of global competition for the industries and jobs of today and tomorrow."--Publisher's description.
=530  \\$aAlso available online.
=650  \0$aRegional planning.
=650  \0$aRegional economics.
=650  \0$aTechnological innovations$xEconomic aspects.
=700  1\$aWessner, Charles W.,$eeditor.
=710  2\$aNational Research Council (U.S.),$esponsoring body.
=710  2\$aNational Academy of Sciences,$esponsoring body.
=710  2\$aNational Academy of Engineering,$esponsoring body.
=710  2\$aInstitute of Medicine (U.S.),$esponsoring body.
=852  41$aBritish Library$bDSC$jm14/.10748
=856  41$3National Academies Press$uhttp://www.nap.edu/catalog.php?record_id=18364
=CAT  \\$aBATCH-APP$b00$c20140311$lBLL01$h1018
=CAT  \\$a9701$b40$c20140319$lBLL01$h1026
=CAT  \\$aBATCH-UPD$b40$c20160527$lBLL01$h2032
=FIN  \\$aY$d20140319
=FMT  \\$a  BK
=LAS  \\$aBATCH-UPD$b40$c20160527$lBLL01$h2032
=SRC  \\$aBLL02

