=LDR  03169 am a2200493 i 4500
=001  016692610
=003  Uk
=005  20140425132833.0
=008  131228s2014\\\\dcua\\\\\b\\\\000\0\eng\d
=020  \\$a9780309288002
=020  \\$a0309288002
=035  \\$a(OCoLC)866936688
=040  \\$aBTCTA$beng$cBTCTA$dYDXCP$dAZS$dUNL$dNRZ$dNTD$erda
=042  \\$aukblcatcopy
=110  2\$aNational Research Council (U.S.).$bCommittee on Sports-Related Concussions in Youth, Board on Children, Youth, and Families,$eissuing body.
=245  10$aSports-related concussions in youth :$bimproving the science, changing the culture /$cCommittee on Sports-Related Concussions in Youth, Board on Children, Youth, and Families, Robert Graham, Frederick P. Rivara, Morgan A. Ford, and Carol Mason Spicer, editors; Institute of Medicine and National Research Council of the National Academies.
=264  \1$aWashington, D.C. :$bNational Academies Press,$c[2014]
=300  \\$axix, 336 pages :$billustrations ;$c23 cm
=336  \\$atext$btxt$2rdacontent
=337  \\$aunmediated$bn$2rdamedia
=338  \\$avolume$bnc$2rdacarrier
=504  \\$aIncludes bibliographical references.
=520  \\$a"Sports-Related Concussions in Youth: Improving the Science, Changing the Culture reviews the science of sports-related concussions in youth from elementary school through young adulthood, as well as in military personnel and their dependents. This report recommends actions that can be taken by a range of audiences - including research funding agencies, legislatures, state and school superintendents and athletic directors, military organizations, and equipment manufacturers, as well as youth who participate in sports and their parents - to improve what is known about concussions and to reduce their occurrence. Sports-Related Concussions in Youth finds that while some studies provide useful information, much remains unknown about the extent of concussions in youth; how to diagnose, manage, and prevent concussions; and the short- and long-term consequences of concussions as well as repetitive head impacts that do not result in concussion symptoms."--Summary.
=530  \\$aAlso available via the World Wide Web.
=650  \0$aBrain$xConcussion.
=650  \0$aSports injuries.
=650  \0$aChild athletes$xWounds and injuries.
=650  \0$aTeenage athletes$xWounds and injuries.
=650  \0$aPost-concussion syndrome.
=650  \0$aYouth$xWounds and injuries.
=700  1\$aGraham, Robert,$d1943-$eeditor of compilation.
=700  1\$aRivara, Frederick P.,$eeditor of compilation.
=700  1\$aFord, Morgan A.,$eeditor of compilation.
=700  1\$aSpicer, Carol Mason,$eeditor of compilation.
=710  2\$aInstitute of Medicine (U.S.),$esponsoring body.
=852  41$aBritish Library$bDSC$jm14/.11115
=856  41$3National Academies Press$uhttp://www.nap.edu/catalog.php?record_id=18377
=CAT  \\$aBATCH-APP$b00$c20140423$lBLL01$h2123
=CAT  \\$a9701$b40$c20140425$lBLL01$h1328
=CAT  \\$aBATCH-UPD$b40$c20160527$lBLL01$h2032
=FIN  \\$aY$d20140425
=FMT  \\$a  BK
=LAS  \\$aBATCH-UPD$b40$c20160527$lBLL01$h2032
=SID  \\$aZ39$bOCLC

