=LDR  01816 am a2200469 a 4500
=001  013094476
=003  Uk
=005  20050223114753.0
=008  050103s2004\\\\dcua\\\\\b\\\\100\0\eng\c
=010  \\$a2005295006  
=020  \\$a0309091861$c{dollar}18.00
=020  \\$a0309091861 (book)
=020  \\$a0309531403 (pdf)
=035  \\$a(OCoLC)ocm57174674
=040  \\$aAZS$cAZS$dDLC$dCaONFJC$dUk
=042  \\$aukblsr
=050  00$aQB529$b.E975 2003
=082  04$a523.75
=245  00$aExploration of the outer heliosphere and the local interstellar medium :$ba workshop report /$cCommittee on Solar and Space Physics, Space Studies Board, Division on Engineering and Physical Sciences, National Research Council of the National Academies.
=246  30$aOuter heliosphere
=260  \\$aWashington, DC :$bNational Academies Press,$cc2004.
=300  \\$axii 56 p. :$bill. (some col.) ;$c28 cm.
=336  \\$atext$2rdacontent
=337  \\$aunmediated$2rdamedia
=338  \\$avolume$2rdacarrier
=500  \\$aWorkshop held May 6-7, 2003.
=504  \\$aIncludes bibliographical references (p. 37-46).
=530  \\$aAlso available via the Internet.
=650  \0$aHeliosphere (Astrophysics)$vCongresses.
=650  \0$aInterstellar matter$vCongresses.
=651  \0$aOuter space$xExploration$vCongresses.
=710  2\$aNational Research Council (U.S.).$bCommittee on Solar and Space Physics.
=852  41$aBritish Library$bDSC$jm05/.14911
=856  41$uhttp://books.nap.edu/openbook/0309091861/html/index.html$zView the electronic version
=CAT  \\$aBATCH$b00$c20050126$lBLL01$h1609
=CAT  \\$c20050126$lBLL01$h1609
=CAT  \\$c20050126$lBLL01$h1610
=CAT  \\$a9657$b40$c20050223$lBLL01$h1147
=FIN  \\$aY$d20050223
=FMT  \\$a  BK
=LAS  \\$a9657$b40$c20050223$lBLL01$h1147
=SRC  \\$aBLL02

