=LDR  02278 am a2200553 a 4500
=001  013181730
=003  Uk
=005  20071004120458.0
=008  041223s2005\\\\dcua\\\\\b\\\\000\0\eng\c
=010  \\$a2004118206
=015  \\$aGBA780433$2bnb
=016  7\$a013181730$2Uk
=020  \\$a0309095492 (pbk.) :$cNo price
=020  \\$a0309547873 (PDF) :$cNo price
=035  \\$a(OCoLC)ocm58920505
=040  \\$aAZS$cAZS$dDLC$dUk
=042  \\$aukblcatcopy
=050  \4$aTD898.14.R57$bN36 2005
=082  00$a363.7289$222
=110  2\$aNational Research Council (U.S.).$bBoard on Radioactive Waste Management.
=245  10$aRisk and decisions about disposition of transuranic and high-level radioactive waste /$cCommittee on Risk-Based Approaches for Disposition of Transuranic and High-Level Radioactive Waste ; Board on Radioactive Waste Management ; Division on Earth and Life Studies ; National Research Council of the National Academies.
=260  \\$aWashington, D.C. :$bNational Academies Press,$cc2005.
=300  \\$axiv, 215 p. :$bill. ;$c24 cm.
=336  \\$atext$2rdacontent
=337  \\$aunmediated$2rdamedia
=338  \\$avolume$2rdacarrier
=504  \\$aIncludes bibliographical references (p. 149-162).
=530  \\$aAlso available via the Internet.
=650  \0$aRadioactive waste disposal$xRisk assessment$zUnited States.
=650  \0$aRadioactive waste sites$xCleanup.
=650  \0$aRadioactive waste disposal$zUnited States.
=650  \0$aRadioactive wastes$xManagement.
=650  \0$aRadioactive wastes$xEnvironmental aspects.
=852  41$aBritish Library$bHMNTS$jYC.2007.a.13850
=852  41$aBritish Library$bDSC$jm05/.22283
=856  41$uhttp://www.nap.edu/books/0309095492/html$zview the electronic version
=CAT  \\$aBATCH$b00$c20050420$lBLL01$h1542
=CAT  \\$c20050420$lBLL01$h1542
=CAT  \\$c20050420$lBLL01$h1543
=CAT  \\$a5375$b40$c20050519$lBLL01$h1435
=CAT  \\$a8299$b40$c20070109$lBLL01$h1037
=CAT  \\$a8299$b40$c20070109$lBLL01$h1039
=CAT  \\$a6632$b40$c20071004$lBLL01$h1204
=CAT  \\$aWR16_021$c20160611$lBLL01$h1955
=CAT  \\$aBATCH-UPD$b00$c20160611$lBLL01$h2209
=FIN  \\$aY$d20050519
=FMT  \\$a  BK
=LAS  \\$aBATCH-UPD$b00$c20160611$lBLL01$h2209
=SID  \\$aZ39$bLOC

