=LDR  02227aam a2200529 a 4500
=001  013242427
=003  Uk
=005  20060627004218.0
=008  050316s2005\\\\dcuab\\\\b\\\\000\0\eng\c
=010  \\$a2005924162
=015  \\$aGBA656911$2bnb
=020  \\$a0309095808 (book)
=035  \\$a(StEdNL)3843858
=040  \\$aDLC$beng$cDLC$dDLC$dCaONFJC$dUk
=042  \\$apcc
=082  04$a577.2
=245  04$aThe geological record of ecological dynamics :$bunderstanding the biotic effects of future environmental change /$cCommittee on the Geologic Record of Biosphere Dynamics, Board on Earth Sciences and Resources, Board on Life Sciences, Division on Earth and Life Studies, National Research Council of the National Academies.
=246  30$aUnderstanding the biotic effects of future environmental change
=260  \\$aWashington, D.C. :$bNational Academies Press,$cc2005.
=300  \\$axiv, 200 p. :$bill. (some col.), col. maps ;$c23 cm.
=336  \\$atext$2rdacontent
=337  \\$aunmediated$2rdamedia
=338  \\$avolume$2rdacarrier
=504  \\$aIncludes bibliographical references (p. 165-190).
=530  \\$aAlso issued electronically via World Wide Web.
=590  \\$aPrecat review needed
=650  \0$aBiosphere.
=650  \0$aEnvironmental geology.
=650  \0$aGeobiology.
=650  \0$aGlobal environmental change.
=710  2\$aNational Academies Press (U.S.)
=710  2\$aNational Research Council (U.S.).$bCommittee on the Geologic Record of Biosphere Dynamics.
=710  2\$aNational Research Council (U.S.).$bDivision on Earth and Life Studies.
=852  41$aBritish Library$bDSC$jm05/.30540
=856  41$uhttp://www.nap.edu/books/0309095808/html/index.html$zConnect to this title online
=985  \\$aLDL record matched & merged
=CAT  \\$aBATCH$b00$c20050629$lBLL01$h1645
=CAT  \\$c20050629$lBLL01$h1646
=CAT  \\$c20050629$lBLL01$h1651
=CAT  \\$a5264$b40$c20050823$lBLL01$h0812
=CAT  \\$a5264$b40$c20050824$lBLL01$h0818
=CAT  \\$aBATCH-LDL$b00$c20060627$lBLL01$h0041
=CAT  \\$c20060627$lBLL01$h0042
=CAT  \\$aBATCH-LDL$b00$c20060627$lBLL01$h0042
=FIN  \\$aY$d20050823
=FMT  \\$a  BK
=LAS  \\$aBATCH-LDL$b00$c20060627$lBLL01$h0042

