=LDR  02577aam a2200601 a 4500
=001  013249007
=003  Uk
=005  20070501013859.0
=008  050407s2005\\\\dcudab\\\b\\\\100\0\eng\c
=010  \\$a  2005278910
=015  \\$aGBA732313$2bnb
=020  \\$a0309092930 (pbk.) :$cNo price
=020  \\$a0309545021
=035  \\$a(WlAbNL)vtls003491419
=040  \\$aCaONFJC$beng$cCaONFJC$dUk
=042  \\$apcc$aukscp
=050  00$aTD388$b.W36 2005
=082  04$a333.9116$222
=245  00$aWater conservation, reuse, and recycling :$bproceedings of an Iranian-American workshop.
=260  \\$aWashington, DC :$bNational Academies Press, c2005.
=300  \\$axii, 279 p. :$bill., charts, maps ;$c23 cm.
=336  \\$atext$2rdacontent
=337  \\$aunmediated$2rdamedia
=338  \\$avolume$2rdacarrier
=500  \\$a"Committee on US-Iranian Workshop on Water Conservation and Recycling, in cooperation with the Academy of Sciences of the Islamic Republic of Iran; Office for Central Europe and Eurasia; Development, Security and Cooperation; Policy and Global Affairs, National Research Council of the National Academies."
=500  \\$aWorkshop held in December of 2002 in Tunis, Tunisia.
=504  \\$aIncludes bibliographical references.
=530  \\$aAlso available via the Internet.
=590  \\$aPrecat review needed
=591  \\$aPapers.
=650  \0$aWater conservation$zUnited States$vCongresses.
=650  \0$aWater conservation$zIran$vCongresses.
=650  \0$aWater reuse$zUnited States$vCongresses.
=650  \0$aWater reuse$zIran$vCongresses.
=653  1\$aWater resources conservation
=653  1\$aWater resources reuse
=653  1\$aWater resources management
=653  1\$aWater conservation
=710  2\$aNational Research Council (U.S.).$bCommittee on US-Iranian Workshop on Water Conservation and Recycling.
=852  41$aBritish Library$bDSC$jm05/.27905
=856  41$uhttp://www.nap.edu/books/0309092930/html/$zView the electronic version
=985  \\$aLDL record matched & merged
=CAT  \\$aBATCH$b00$c20050711$lBLL01$h1335
=CAT  \\$c20050711$lBLL01$h1335
=CAT  \\$c20050711$lBLL01$h1340
=CAT  \\$a7196$b40$c20050805$lBLL01$h0934
=CAT  \\$aBATCH-LDL$b00$c20070501$lBLL01$h0136
=CAT  \\$aBATCH$b00$c20070501$lBLL01$h0137
=CAT  \\$aBATCH-LDL$b00$c20070501$lBLL01$h0138
=CNF  \\$aWater resources management, conservation, and recycling (Interacademy workshop)$d(2002 Dec :$cTunis, Tunisia)
=FIN  \\$aY$d20050804
=FMT  \\$a  BK
=LAS  \\$aBATCH-LDL$b00$c20070501$lBLL01$h0138

