=LDR  02041 am a2200541 a 4500
=001  013249048
=003  Uk
=005  20080307125727.0
=008  041221s2005\\\\dcua\\\\\b\\\\000\0\eng\c
=010  \\$a2004118086
=015  \\$aGBA826393$2bnb
=016  7\$a013249048$2Uk
=020  \\$a0309095026 (book) :$cNo price
=020  \\$a0309546796 (pdf) :$cNo price
=035  \\$a(OCoLC)ocm58528913
=040  \\$aAZS$cAZS$dCaONFJC$dUk
=042  \\$aukblsr
=050  00$aQA76.88$b.G48 2005
=082  04$a004.11$222
=245  00$aGetting up to speed :$bthe future of supercomputing /$cSusan L. Graham, Marc Snir, and Cynthia A. Patterson, editors.
=246  30$aFuture of supercomputing
=260  \\$aWashington, DC :$bNational Academies Press,$cc2005.
=300  \\$axvi, 289 p. :$bill. ;$c23 cm.
=336  \\$atext$2rdacontent
=337  \\$aunmediated$2rdamedia
=338  \\$avolume$2rdacarrier
=500  \\$a"Committee on the Future of Supercomputing, Computer Science and Telecommunications Board, Division on Engineering and Physical Sciences, National Research Council of the National Academies."
=504  \\$aIncludes bibliographical references.
=530  \\$aAlso available via the Internet.
=650  \0$aHigh performance computing.
=650  \0$aSupercomputers.
=700  1\$aGraham, Susan L.
=700  1\$aSnir, Marc.
=700  1\$aPatterson, Cynthia A.
=710  2\$aNational Research Council (U.S.).$bCommittee on the Future of Supercomputing.
=852  41$aBritish Library$bHMNTS$jYK.2008.a.4521
=852  41$aBritish Library$bDSC$jm05/.28259
=856  41$uhttp://www.nap.edu/books/0309095026/html/$zView the electronic version
=CAT  \\$aBATCH$b00$c20050711$lBLL01$h1335
=CAT  \\$c20050711$lBLL01$h1335
=CAT  \\$c20050711$lBLL01$h1340
=CAT  \\$a9657$b40$c20050726$lBLL01$h1537
=CAT  \\$a6605$b40$c20080307$lBLL01$h1257
=CAT  \\$aWR16_021$c20160611$lBLL01$h2008
=FIN  \\$aY$d20050726
=FMT  \\$a  BK
=LAS  \\$aWR16_021$b00$c20160611$lBLL01$h2008
=SID  \\$aZ39$bLOC

