=LDR  01981pam a2200517 a 4500
=001  013251387
=003  Uk
=005  20070310151448.0
=008  050203s2005\\\\dcuab\\\\b\\\\000\0\eng\\
=010  \\$a  2005921687
=015  \\$aGBA559567$2bnb
=016  7\$a013251387$2Uk
=020  \\$a0309095069 (pbk.) :$c£22.00
=020  \\$a0309546885 (pdf) :$cNo price
=035  \\$a(OCoLC)ocm59765839
=040  \\$aStDuBDS$dUk
=042  \\$aukblsr
=050  \4$aQC981.8.C5$bR335 2005
=050  00$aQC981.8.C5$bR34 2005
=082  04$a363.73874$222
=245  00$aRadiative forcing of climate change :$bexpanding the concept and addressing uncertainties /$cCommittee on Radiative Forcing Effects on Climate ... [et al.].
=260  \\$aWashington, D.C. :$bNational Academies ;$a[Oxford :$bOxford Publicity Partnership, distributor],$cc2005.
=300  \\$axiv, 207 p. :$bill. (some col.), col. maps ;$c23 cm.
=336  \\$atext$2rdacontent
=337  \\$aunmediated$2rdamedia
=338  \\$avolume$2rdacarrier
=500  \\$aFormerly CIP.$5Uk
=504  \\$aIncludes bibliographical references (p. 159-190).
=530  \\$aAlso available via the Internet.
=650  \0$aClimatic changes$xEnvironmental aspects.
=650  \0$aGreenhouse gases$xEnvironmental aspects.
=650  \0$aGreenhouse effect, Atmospheric.
=710  2\$aNational Research Council (U.S.).$bCommittee on Radiative Forcing Effects on Climate.
=852  41$aBritish Library$bDSC$jm05/.24979
=852  41$aBritish Library$bHMNTS$jYC.2007.a.4293
=856  41$uhttp://www.nap.edu/books/0309095069/html/$zView the electronic version
=CAT  \\$aBATCH$b00$c20050712$lBLL01$h1702
=CAT  \\$c20050712$lBLL01$h1704
=CAT  \\$c20050712$lBLL01$h1718
=CAT  \\$a10775$b40$c20060202$lBLL01$h1112
=CAT  \\$a6632$b40$c20070310$lBLL01$h1514
=CAT  \\$aWR16_021$c20160611$lBLL01$h2009
=FIN  \\$aY$d20050621
=FMT  \\$a  BK
=LAS  \\$aWR16_021$b00$c20160611$lBLL01$h2009
=SRC  \\$aBLL02

