=LDR  01907cam a22004934a 4500
=001  013525995
=003  Uk
=005  20060929110022.0
=008  060501s2005\\\\dcua\\\\\b\\\\000\0\eng\c
=010  \\$a2006275456
=020  \\$a0309100259 (book) :$cNo price
=020  \\$z0309683851 (pdf)
=035  \\$a(OCoLC)ocm62793987
=040  \\$aAZS$cAZS$dUBY$dIXA$dDLC$dUk
=042  \\$aukblsr
=043  \\$an-us---
=050  00$aV165$b.N37 2005
=082  00$a359.330410973$222
=110  2\$aNational Research Council (U.S.).$bCommittee on the FORCEnet Implementation Strategy.
=245  10$aFORCEnet implementation strategy /$cCommittee on the FORCEnet Implementation Strategy, Naval Studies Board, Division on Engineering and Physical Sciences, National Research Council of the National Academies.
=260  \\$aWashington, D.C. :$bNational Academies Press,$cc2005.
=300  \\$axvii, 242 p. :$bill. ;$c24 cm.
=336  \\$atext$2rdacontent
=337  \\$aunmediated$2rdamedia
=338  \\$avolume$2rdacarrier
=504  \\$aIncludes bibliographical references.
=530  \\$aAlso available via the Internet.
=610  10$aUnited States.$bNavy$xData processing.
=610  10$aUnited States.$bNavy$xCommunication systems.
=650  \0$aNaval strategy$zUnited States.
=650  \0$aOperational art (Military science)
=650  \0$aCommand and control systems$zUnited States.
=650  \0$aInformation technology$zUnited States.
=650  \0$aInformation networks$zUnited States.
=852  41$aBritish Library$bDSC$jm06/.33753
=856  41$uhttp://www.nap.edu/books/0309100259/html/$zView the electronic version
=CAT  \\$a4861$b40$c20060807$lBLL01$h1549
=CAT  \\$a6605$b40$c20060929$lBLL01$h1100
=CAT  \\$aW2308-1659$c20230923$lBLL01$h0925
=FIN  \\$aY$d20060929
=FMT  \\$a  BK
=LAS  \\$aW2308-1659$b00$c20230923$lBLL01$h0925
=SID  \\$aZ39$bLOC
=SRC  \\$aBLL02

