=LDR  01865 am a2200469 a 4500
=001  013549194
=003  Uk
=005  20061017145049.0
=008  060307s2006\\\\dcua\\\\\b\\\\000\0\eng\d
=010  \\$a  2006923463
=020  \\$a0309100992 (pbk.) :$cNo price
=020  \\$a0309656850 (PDF) :$cNo price
=035  \\$a(CStRLIN)UTBGA3576284-B
=035  \\$a(UPB)a3576284
=040  \\$aOrLoB$cOrLoB$dDLC$dUk
=042  \\$aukblsr
=043  \\$an-us---
=050  00$aMLCM 2006/41492 (R)
=082  04$a616
=110  2\$aInstitute of Medicine (U.S.).$bCommittee on the Disposition of the Air Force Health Study.
=245  10$aDisposition of the Air Force Health Study /$cCommittee on the Disposition of the Air Force Health Study, Board on Population Health and Public Health Practice, Institute of Medicine of the National Academies.
=260  \\$aWashington, D.C. :$bNational Academies Press,$cc2006.
=300  \\$ax, 264 p. :$bill. ;$c23 cm.
=336  \\$atext$2rdacontent
=337  \\$aunmediated$2rdamedia
=338  \\$avolume$2rdacarrier
=504  \\$aIncludes bibliographical references.
=610  20$aAir Force Health Study (U.S.)
=650  \0$aVietnam War, 1961-1975$xVeterans$xHealth risk assessment$xResearch$zUnited States.
=650  \0$aAgent Orange$xHealth aspects$xResearch$zUnited States.
=650  \0$aVeterans$xDiseases$xResearch$zUnited States.
=650  \0$aOperation Ranch Hand.
=852  41$aBritish Library$bDSC$jm06/.35725
=856  41$uhttp://fermat.nap.edu/openbook/0309100992/html/index.html$zView the electronic version
=CAT  \\$aBATCH-APP$b00$c20060907$lBLL01$h1403
=CAT  \\$aBATCH$b00$c20060907$lBLL01$h1403
=CAT  \\$aBATCH$b00$c20060907$lBLL01$h1405
=CAT  \\$a5375$b40$c20061017$lBLL01$h1450
=FIN  \\$aY$d20061017
=FMT  \\$a  BK
=LAS  \\$a5375$b40$c20061017$lBLL01$h1450
=SRC  \\$aBLL02

