=LDR  03383 am a2200733ua 4500
=001  009399588
=003  Uk
=005  20160928162800.0
=008  030630s2002\\\\enk\\\\||b\\\\001\||eng\\
=010  \\$a02110219
=015  \\$aGBA344238$2bnb
=019  y\$abA344238
=019  9\$a0309082749
=019  g\$aadv5004016275
=019  a\$aG07686493
=019  1\$a0309082749
=020  \\$a0309082749 (pbk.) :$cNo price
=039  0\$a2748
=040  \\$aNRZ$cNRZ$dUk
=082  04$a004.6780835$221
=245  00$aYouth, pornography and the Internet /$cDick Thornburgh and Herbert S. Lin, editors ; Committee to Study Tools and Strategies for Protecting Kids from Pornography and Their Applicability to Other Inappropriate Internet Content ; Computer Science and Telecommunications Board, National Research Council.
=260  \\$aWashington, D.C. ;$a[Great Britain] :$bNational Academy Press,$cc2002.
=300  \\$axxviii, 450 p. ;$c23 cm.
=336  \\$atext$2rdacontent
=337  \\$aunmediated$2rdamedia
=338  \\$avolume$2rdacarrier
=504  \\$aIncludes bibliographical references and index.
=530  \\$aAvailable also online.
=650  \0$aInternet and teenagers.
=650  \0$aInternet and children.
=650  \0$aInternet$xSecurity measures.
=650  \0$aInternet pornography.
=650  \0$aParenting.
=700  1\$aThornburgh, Dick.
=700  1\$aLin, Herbert.
=710  2\$aNational Research Council (U.S.).$bCommittee to Study Tools and Strategies for Protecting Kids from Pornography and Their Applicability to Other Inappropriate Internet Content.
=710  2\$aNational Research Council (U.S.).$bComputer Science and Technology Board.
=852  41$aBritish Library$bDSC$jm02/36886
=852  41$aBritish Library$bHMNTS$jYC.2003.a.9720
=856  42$uhttp://bob.nap.edu/html/youth%5Finternet/index.html$zElectronic version
=886  2\$2ukmarc$a900$b10$aThornburgh$hRichard$xSee$aThornburgh, Dick$z700
=886  2\$2ukmarc$a900$b10$aLin$hHerbert S.$xSee$aLin, Herbert$z700/1
=886  2\$2ukmarc$a910$b10$aPennsylvania$cGovernor$e1979-1987 : Thornburgh$xSee also$aThornburgh, Dick$z700
=886  2\$2ukmarc$a910$b20$aNational Research Council$eU.S.$cCommission on Physical Sciences, Mathematics, and Resources$cComputer Science and Technology Board$xSee$aNational Research Council$x(U.S.). Computer Science and Technology Board$z710/1
=886  2\$2ukmarc$a910$b20$aNational Research Council$eU.S.$cComputer Science and Telecommunications Board$xSee also$aNational Research Council$x(U.S.). Computer Science and Technology Board$z710/1
=886  2\$2ukmarc$a910$b10$aPennsylvania$cGovernor (1979-1987 : Thornburgh)$xSee also$aThornburgh, Dick$z700
=957  \\$r28/10/02$tM/32953-16
=966  \\$lACQUIS 02/10/2002
=CAT  \\$aCONV$b00$c20040425$lBLL90$h0802
=CAT  \\$aCONV$b00$c20040502$lBLL01$h1324
=CAT  \\$aglobal_upd$b40$c20060417$lBLL01$h0811
=CAT  \\$aBATCH$b00$c20091122$lBLL01$h1110
=CAT  \\$aBATCH-UPD$b00$c20160928$lBLL01$h1628
=FIN  \\$aY
=FMT  \\$a  BK
=LAS  \\$aBATCH-UPD$b00$c20160928$lBLL01$h1628
=LDO  \\$aCIP$bpbk
=LEO  \\$aMP5.0000116771
=LEO  \\$aMP8.0001818748
=LEO  \\$aMP13.0001520767
=SRC  \\$aBNB03$bbibmp5.200404.2.aa
=SRC  \\$aDSC01$bbibmp8.200404.2.ac
=SRC  \\$aHSS01$bbibmp13.200404.2.ac
=SRC  \\$aLDS01$bbiblm.200404.2.aa

