=LDR  02669 am a2200565ua 4500
=001  009399620
=003  Uk
=005  20160728204500.0
=008  031113s2002\\\\enka\\\||b\\\\001\||eng\\
=010  \\$a2002110217
=015  \\$aGBA381686$2bnb
=019  y\$abA381686
=019  9\$a0309084792
=019  1\$a0309084792
=020  \\$a0309084792 (pbk.) :$cNo price
=020  \\$a0309085233 (cased) :$cNo price
=039  0\$a2768
=040  \\$aNAA$cNAA$dUk
=082  04$a174.90901$221
=110  2\$aInstitute of Medicine (U.S.).$bCommittee on Assessing Integrity in Research Environments.
=245  10$aIntegrity in scientific research :$bcreating an environment that promotes responsible conduct /$cCommittee on Assessing Integrity in Research Environments, Board on Health Sciences Policy and Division of Earth and Life Studies, Institute of Medicine, National Research Council of the National Academies.
=260  \\$aWashington, D.C. ;$a[Great Britain] :$bThe National Academies Press,$cc2002.
=300  \\$axiv, 202 p. :$bill. ;$c23 cm.
=336  \\$atext$2rdacontent
=337  \\$aunmediated$2rdamedia
=338  \\$avolume$2rdacarrier
=500  \\$a"Support for this project was provided by the Office of Research Integrity, U.S. Department of Health and Human Services."--T.p. verso.
=504  \\$aIncludes bibliographical references and index.
=530  \\$aAlso available on the Internet.
=650  \0$aResearch$xMoral and ethical aspects.
=650  \0$aIntegrity.
=710  2\$aNational Research Council (U.S.)
=710  1\$aUnited States.$bOffice of the Assistant Secretary for Health.$bOffice of Research Integrity.
=852  41$aBritish Library$bHMNTS$jYC.2003.a.19417
=856  41$uhttp://www.nap.edu/books/0309084792/html$zAvailable at
=886  2\$2ukmarc$a910$b20$aNational Academy of Sciences$eU.S.$cNational Research Council$xSee$aNational Research Council$x(U.S.)$z710
=886  2\$2ukmarc$a910$b10$aUnited States$cNational Research Council$xSee$aNational Research Council$x(U.S.)$z710
=886  2\$2ukmarc$a910$b20$aNational Academy of Engineering$cNational Research Council$xSee$aNational Research Council$x(U.S.)$z710
=886  2\$2ukmarc$a910$b20$aNRC$xSee$aNational Research Council$x(U.S.)$z710
=CAT  \\$aCONV$b00$c20040425$lBLL90$h0802
=CAT  \\$aCONV$b00$c20040502$lBLL01$h1324
=CAT  \\$aBATCH$b00$c20091122$lBLL01$h1110
=CAT  \\$aBATCH-UPD$b00$c20160728$lBLL01$h2045
=FIN  \\$aY
=FMT  \\$a  BK
=LAS  \\$aBATCH-UPD$b00$c20160728$lBLL01$h2045
=LEO  \\$aMP5.0000116814
=LEO  \\$aMP13.0001520799
=SRC  \\$aBNB03$bbibmp5.200404.2.aa
=SRC  \\$aHSS01$bbibmp13.200404.2.ac

