=LDR  02032 am a22004577i 4500
=001  018627202
=003  Uk
=005  20171213085250.0
=008  170717t20172017dcu\\\\\\b\\\\000\0\eng\d
=020  \\$a0309461677
=020  \\$a9780309461672
=035  \\$a(OCoLC)993689971
=040  \\$aYDX$beng$cYDX$dZCL$dSOI$dOCLCF$dKSU$dUCX$dUk$erda
=042  \\$aukblderived
=043  \\$an-us---
=050  \4$aHA37.U55$bP75 2017
=245  00$aPrinciples and practices for a Federal Statistical Agency /$cCommittee on National Statistics, Constance F. Citro, editor, Division of Behavioral and Social Sciences and Education.
=250  \\$aSixth edition.
=264  \1$aWashington, DC :$bThe National Academies Press,$c[2017]
=264  \4$c©2017
=300  \\$axix, 134 pages ;$c23 cm
=336  \\$atext$btxt$2rdacontent
=337  \\$aunmediated$bn$2rdamedia
=338  \\$avolume$bnc$2rdacarrier
=500  \\$a"A consensus study report of The National Academies of Sciences, Engineering, and Medicine".
=504  \\$aIncludes bibliographical references (pages 123-134).
=505  0\$aPrinciples for a federal statistical agency -- Practices for a federal statistical agency.
=650  \7$aStatistical services.$2fast$0(OCoLC)fst01132083
=651  \0$aUnited States$xStatistical services.
=651  \7$aUnited States.$2fast$0(OCoLC)fst01204155
=700  1\$aCitro, Constance F.$q(Constance Forbes),$d1942-$eeditor.
=710  2\$aNational Research Council (U.S.).$bCommittee on National Statistics,$eeditor.
=710  2\$aNational Academies of Sciences, Engineering, and Medicine (U.S.),$esponsoring body.
=852  41$aBritish Library$bDSC$jm17/.12593
=856  41$uhttps://www.nap.edu/catalog/24810/principles-and-practices-for-a-federal-statistical-agency-sixth-edition$zElectronic version (Unrestricted access)
=CAT  \\$aCOUTTS-2$b00$c20171129$lBLL01$h2023
=CAT  \\$a11131$b40$c20171213$lBLL01$h0852
=FIN  \\$aY$d20171213
=FMT  \\$a  BK
=LAS  \\$a11131$b40$c20171213$lBLL01$h0852
=SID  \\$aZ39$bOCLC

