=LDR  03956 am a22004817i 4500
=001  017747747
=003  Uk
=005  20160408103713.0
=008  151023t20162016dcu\\\\\\b\\\\000\0\eng\d
=020  \\$a030938026X
=020  \\$a9780309380263
=035  \\$a(OCoLC)926822834
=040  \\$aYDXCP$beng$cYDXCP$dOCLCQ$dUNL$dKSU$dUk$erda
=042  \\$aukblderived
=050  \4$aQC903$b.N38 2016
=110  2\$aNational Research Council (U.S.).$bCommittee to Advise the U.S. Global Change Research Program.
=245  10$aEnhancing participation in the U.S. Global Change Research Program /$cCommittee to Advise the U.S. Global Change Research Program, Board on Atmospheric Sciences and Climate, Division on Earth and Life Studies, Board on Environmental Change and Society, Division of Behavioral and Social Sciences and Education, the National Academies of Sciences, Engineering, Medicine.
=246  3\$aU.S. Global Change Research Program
=264  \1$aWashington, DC :$bthe National Academies Press,$c[2016]
=264  \4$c©2016
=300  \\$axi, 52 pages ;$c28 cm
=336  \\$atext$btxt$2rdacontent
=337  \\$aunmediated$bn$2rdamedia
=338  \\$avolume$bnc$2rdacarrier
=504  \\$aIncludes bibliographic references (pages 35-36).
=505  0\$aCurrent participation in the program -- Opportunities for broader participation -- Goal 1: advance science -- Goal 2: inform decisions -- Goal 3: conduct sustained assessments -- Goal 4: communicate and educate -- Conclusions -- Mismatch between USGCRP goals and participation -- Employing several modes of participation -- Utilizing interagency working groups to address specific tasks and engage networks of actors -- Considering the full costs and benefits of participation -- Closing thoughts.
=520  \\$a"The US Global Change Research Program (USGCRP) is a collection of 13 Federal entities charged by law to assist the United States and the world to understand, assess, predict, and respond to human-induced and natural processes of global change. As the understanding of global change has evolved over the past decades and as demand for scientific information on global change has increased, the USGCRP has increasingly focused on research that can inform decisions to cope with current climate variability and change, to reduce the magnitude of future changes, and to prepare for changes projected over coming decades. Overall, the current breadth and depth of research in these agencies is insufficient to meet the country's needs, particularly to support decision makers. This report provides a rationale for evaluating current program membership and capabilities and identifying potential new agencies and departments in the hopes that these changes will enable the program to more effectively inform the public and prepare for the future. It also offers actionable recommendations for adjustments to the methods and procedures that will allow the program to better meet its stated goals"--Publisher description.
=610  20$aU.S. Global Change Research Program.
=650  \0$aGlobal environmental change$xEvaluation.
=650  \0$aClimatic changes$xResearch$zUnited States$xEvaluation.
=710  2\$aNational Research Council (U.S.).$bBoard on Atmospheric Sciences and Climate.
=710  2\$aNational Research Council (U.S.).$bDivision on Earth and Life Studies.
=710  2\$aNational Research Council (U.S.).$bBoard on Environmental Change and Society.
=710  2\$aNational Research Council (U.S.).$bDivision of Behavioral and Social Sciences and Education.
=852  41$aBritish Library$bDSC$jm16/.11116
=856  41$uhttp://www.nap.edu/openbook.php?isbn=030938026X$zConnect to electronic version of resource
=CAT  \\$a9518$b40$c20160222$lBLL01$h0954
=CAT  \\$aWR14_128$c20160226$lBLL01$h1635
=CAT  \\$a11131$b40$c20160408$lBLL01$h1037
=FIN  \\$aY$d20160408
=FMT  \\$a  BK
=LAS  \\$a11131$b40$c20160408$lBLL01$h1037
=SID  \\$aZ39$bOCLC

