=LDR  03484pam a2200505 a 4500
=001  015543984
=003  Uk
=005  20100510105534.0
=008  091021s2010\\\\dcuab\\\\b\\\\000\0\eng\d
=020  \\$a0309144019
=020  \\$a9780309144018
=035  \\$a(OCoLC)458319533
=040  \\$aStDuBDS$beng$cStDuBDS$dUk
=042  \\$aukblcatcopy
=082  04$a363.73920973$222
=245  00$aGlobal sources of local pollution :$ban assessment of long-range transport of key air pollutants to and from the United States /$cCommittee on the Significance of International Transport of Air Pollutants, Board on Atmospheric Sciences and Climate, Division on Earth and Life Studies, National Research Council of the National Academies.
=260  \\$aWashington, D.C. :$bNational Academies Press,$cc2010.
=300  \\$axiii, 234 p. :$bill. (some col.), maps (some col.) ;$c23 cm.
=336  \\$atext$2rdacontent
=337  \\$aunmediated$2rdamedia
=338  \\$avolume$2rdacarrier
=500  \\$aFormerly CIP.$5Uk
=504  \\$aIncludes bibliographical references (p. 151-190).
=505  0\$aIntroduction -- Ozone -- Particulate matter -- Mercury -- Persistent organic pollutants -- Crosscutting issues and synthesis.
=520  \\$a"Recent advances in air pollution monitoring and modeling capabilities have made it possible to show that air pollution can be transported long distances and that adverse impacts of emitted pollutants cannot be confined to one country or even one continent. Pollutants from traffic, cooking stoves, and factories emitted half a world away can make the air we inhale today more hazardous for our health. The relative importance of this 'imported' pollution is likely to increase, as emissions in developing countries grow, and air quality standards in industrial countries are tightened. Global Sources of Local Pollution examines the impact of the long-range transport of four key air pollutants (ozone, particulate matter, mercury, and persistent organic pollutants) on air quality and pollutant deposition in the United States. It also explores the environmental impacts of U.S. emissions on other parts of the world. The book recommends that the United States work with the international community to develop an integrated system for determining pollution sources and impacts and to design effective response strategies."--Publisher's description.
=530  \\$aAlso available in Open Book format via the National Academies Press home page.
=650  \0$aAir$xPollution$zUnited States.
=650  \0$aAir$xPollution$xEvaluation.
=650  \0$aAir$xPollution$xResearch$zUnited States.
=650  \0$aAir quality management$zUnited States.
=650  \0$aEnvironmental monitoring$zUnited States.
=650  \0$aEnvironmental impact analysis$zUnited States.
=650  \0$aNonpoint source pollution.
=710  2\$aNational Research Council (U.S.).$bCommittee on the Significance of International Transport of Air Pollutants.
=710  2\$aNational Academies (U.S.)
=852  41$aBritish Library$bDSC$jm10/.17185
=856  41$uhttp://www.nap.edu/catalog.php?record_id=12743$zAvailable for downloading from The National Academies Press site
=CAT  \\$aBATCH-APP$b00$c20100501$lBLL01$h2011
=CAT  \\$aBATCH$b00$c20100501$lBLL01$h2012
=CAT  \\$aBATCH$b00$c20100501$lBLL01$h2013
=CAT  \\$a11131$b40$c20100510$lBLL01$h1055
=FIN  \\$aY$d20100510
=FMT  \\$a  BK
=LAS  \\$a11131$b40$c20100510$lBLL01$h1055
=SID  \\$aZ39$bOCLC

