=LDR  04557 am a2200649 a 4500
=001  015596460
=003  Uk
=005  20110506002342.0
=008  100405s2010\\\\dcua\\\\\b\\\\000\0\eng\\
=010  \\$a2010014536  
=020  \\$a9780309148092 (pbk.)
=020  \\$a030914809X (pbk.)
=020  \\$a9780309148108 (pdf)
=020  \\$a0309148103 (pdf)
=035  \\$a(OCoLC)ocn565894332
=040  \\$aDNLM/DLC$cDLC$dYDX$dBTCTA$dYDXCP$dNLM$dTPNTL$dUBY$dIXA$dCDX$dDLC$dUk
=042  \\$aukblcatcopy
=043  \\$an-us---
=050  00$aRA645.H9$bI52 2010
=055  \4$aRC 685 H8$bP66 2010
=060  00$a2010 I-993
=060  10$aWG 340$bI465p 2010
=082  00$a362.196132$222
=110  2\$aInstitute of Medicine (U.S.).$bCommittee on Public Health Priorities to Reduce and Control Hypertension in the U.S. Population.
=245  12$aA population-based policy and systems change approach to prevent and control hypertension /$cCommittee on Public Health Priorities to Reduce and Control Hypertension in the U.S. Population, Board on Population Health and Public Health Practice.
=260  \\$aWashington, DC :$bNational Academies Press,$cc2010.
=300  \\$axv, 220 p. :$bill. ;$c23 cm.
=336  \\$atext$2rdacontent
=337  \\$aunmediated$2rdamedia
=338  \\$avolume$2rdacarrier
=504  \\$aIncludes bibliographical references.
=505  0\$aPublic health importance of hypertension -- The role of the Division for Heart Disease and Stroke Prevention in the prevention and control of hypertension -- Interventions directed at the general population -- Interventions directed at individuals with hypertension -- Implementing a population-based policy and systems approach to the prevention and control of hypertension.
=520  \\$a"Hypertension is one of the leading causes of death in the United States, affecting nearly one in three Americans. It is prevalent in adults and endemic in the older adult population. Hypertension is a major contributor to cardiovascular morbidity and disability. Although there is a simple test to diagnose hypertension and relatively inexpensive drugs to treat it, the disease is often undiagnosed and uncontrolled. A Population-Based Policy and Systems Change Approach to the Prevention and Control Hypertension identifies a small set of high-priority areas in which public health officials can focus their efforts to accelerate progress in hypertension reduction and control. It offers several recommendations that embody a population-based approach grounded in the principles of measurement, system change, and accountability. The recommendations are designed to shift current hypertension reduction strategies from an individual-based approach to a population-based approach. They are also designed to improve the quality of care provided to individuals with hypertension and to strengthen the Center for Disease Control and Prevention's leadership in seeking a reduction in the sodium intake in the American diet to meet dietary guidelines. The book is an important resource for federal public health officials and organizations, especially the Center for Disease Control and Prevention, as well as medical professionals and community health workers."--Publisher's description.
=610  20$aCenters for Disease Control and Prevention (U.S.).$bDivision for Heart Disease and Stroke Prevention.
=610  22$aCenters for Disease Control and Prevention (U.S.).$bDivision for Heart Disease and Stroke Prevention.
=650  \0$aHypertension$xPrevention$xGovernment policy$zUnited States.
=650  12$aHypertension$xprevention & control$zUnited States.
=650  22$aCommunity Health Planning$zUnited States.
=650  22$aHealth Policy$zUnited States.
=650  22$aUnited States Government Agencies$zUnited States.
=690  7\$aSocial Welfare$2blcoll
=852  41$aBritish Library$bDSC$jm11/.14277
=856  41$uhttp://www.nap.edu/catalog.php?record_id=12819$zFreely available online
=BUF  \\$aN2$d20110414
=CAT  \\$a8157$b40$c20100707$lBLL01$h1354
=CAT  \\$aBATCH-UPD$b40$c20100707$lBLL01$h1354
=CAT  \\$a5703$b40$c20110414$lBLL01$h1339
=CAT  \\$aBATCH-BUOC$b00$c20110506$lBLL01$h0022
=CAT  \\$aBATCH-UPD$b00$c20110506$lBLL01$h0031
=CAT  \\$aBATCH$b00$c20110625$lBLL01$h0551
=CAT  \\$aBATCH-SWP4$c20110627$lBLL01$h1636
=CAT  \\$aBATCH-UPD$b00$c20160605$lBLL01$h0512
=CAT  \\$aW1707-0052$c20170703$lBLL01$h1910
=FIN  \\$aY$d20110414
=FMT  \\$a  BK
=LAS  \\$aW1707-0052$b00$c20170703$lBLL01$h1910
=SRC  \\$aBLL02

