=LDR  01994 am a2200481 a 4500
=001  015796840
=003  Uk
=005  20110909001023.0
=008  110329s2010\\\\dcua\\\\\b\\\\100\0\eng\d
=010  \\$a2011281044  
=020  \\$a9780309156295 (pbk.)
=020  \\$a0309156297 (pbk.)
=035  \\$a(OCoLC)ocn690177266
=040  \\$aAZS$cAZS$dYDXCP$dCDX$dDLC$dUk
=042  \\$aukblcatcopy
=043  \\$an-us---
=050  00$aRA645.35$b.R66 2010
=245  04$aThe role of human factors in home health care :$bworkshop summary /$cSteve Olson, rapporteur ; Committee on the Role of Human Factors in Home Health Care, Committee on Human-Systems Integration, Division of Behavioral and Social Sciences and Education, National Research Council of the National Academies.
=260  \\$aWashington, DC :$bNational Academies Press,$cc2010.
=300  \\$axiv, 308 p. :$bill. ;$c23 cm.
=336  \\$atext$2rdacontent
=337  \\$aunmediated$2rdamedia
=338  \\$avolume$2rdacarrier
=504  \\$aIncludes bibliographical references.
=530  \\$aAlso available online.
=650  \0$aHome care services$zUnited States$vCongresses.
=650  \0$aCaregivers$zUnited States$vCongresses.
=650  \0$aMedical personnel-caregiver relationships$vCongresses.
=700  1\$aOlson, Steve.
=710  2\$aNational Research Council (U.S.).$bCommittee on the Role of Human Factors in Home Health Care.
=710  2\$aNational Research Council (U.S.).$bCommittee on Human-Systems Integration.
=852  41$aBritish Library$bDSC$jm11/.15431
=856  41$uhttp://www.nap.edu/catalog.php?record_id=12927$zView the online version
=BUF  \\$aN2$d20110523
=CAT  \\$aBATCH-APP$b00$c20110423$lBLL01$h1716
=CAT  \\$aBATCH$b00$c20110423$lBLL01$h1718
=CAT  \\$a5703$b40$c20110523$lBLL01$h1156
=CAT  \\$aBATCH-BUOC$b00$c20110909$lBLL01$h0009
=FIN  \\$aY$d20110523
=FMT  \\$a  BK
=LAS  \\$aBATCH-BUOC$b00$c20110909$lBLL01$h0009
=SID  \\$aZ39$bLOC
=SRC  \\$aBlackwells

