=LDR  01990 am a22004577a 4500
=001  015818593
=003  Uk
=005  20110713091051.0
=008  110323s2011\\\\dcua\\\\\b\\\\000\0\eng\d
=020  \\$a0309176980
=020  \\$a9780309176989
=035  \\$a(OCoLC)708327332
=040  \\$aYDXCP$cYDXCP$dAZS$dCDX$dBWX$dUk
=042  \\$aukblderived
=043  \\$an-us---
=082  04$a327.1273$222
=245  00$aIntelligence analysis :$bbehavioral and social scientific foundations /$cBaruch Fischhoff and Cherie Chauvin, editors ; Committee on Behavioral and Social Science Research to Improve Intelligence Analysis for National Security, Board on Behavioral, Cognitive, and Sensory Sciences, Division of Behavioral and Social Sciences and Education, National Research Council of the National Academies.
=260  \\$aWashington, D.C. :$bNational Academies Press,$cc2011.
=300  \\$axiv, 338 p. :$bill. ;$c23 cm.
=336  \\$atext$2rdacontent
=337  \\$aunmediated$2rdamedia
=338  \\$avolume$2rdacarrier
=504  \\$aIncludes bibliographical references.
=530  \\$aAlso available online.
=650  \0$aIntelligence service$zUnited States.
=650  \0$aIntellectual capital$zUnited States.
=650  \0$aBehavioral assessment$zUnited States.
=650  \0$aNational security$zUnited States.
=650  \0$aDecision making$zUnited States.
=700  1\$aFischhoff, Baruch,$d1946-
=700  1\$aChauvin, Cherie.
=710  2\$aNational Research Council (U.S.).$bCommittee on Behavioral and Social Science Research to Improve Intelligence Analysis for National Security.
=852  41$aBritish Library$bDSC$jm11/.17355
=856  41$uhttp://www.nap.edu/catalog.php?record_id=13062$zView the online version
=CAT  \\$aBATCH-APP$b00$c20110602$lBLL01$h2211
=CAT  \\$aBATCH$b00$c20110602$lBLL01$h2212
=CAT  \\$a10904$b40$c20110713$lBLL01$h0910
=FIN  \\$aY$d20110713
=FMT  \\$a  BK
=LAS  \\$a10904$b40$c20110713$lBLL01$h0910
=SID  \\$aZ39$bOCLC

