=LDR  01998 am a2200469 a 4500
=001  015853412
=003  Uk
=005  20110802074319.0
=008  110617s2011\\\\dcua\\\\\b\\\\000\0\eng\d
=010  \\$a  2011282221
=020  \\$a0309163420
=020  \\$a9780309163422
=035  \\$a(OCoLC)ocn708327331
=040  \\$aYDXCP$cYDXCP$dAZS$dCDX$dDLC$dUk
=042  \\$aukblderived
=043  \\$an-us---
=050  00$aJK468.I6$bN373 2011
=082  04$a327.1273$222
=110  2\$aNational Research Council (U.S.).$bCommittee on Behavioral and Social Science Research to Improve Intelligence Analysis for National Security.
=245  10$aIntelligence analysis for tomorrow :$badvances from the behavioral and social sciences /$cCommittee on Behavioral and Social Science Research to Improve Intelligence Analysis for National Security, Board on Behavioral, Cognitive, and Sensory Sciences, Division of Behavioral and Social Sciences and Education, National Research Council of the National Academies.
=260  \\$aWashington, D.C. :$bNational Academies Press,$cc2011.
=300  \\$axiv, 102 p. :$bill. ;$c23 cm.
=336  \\$atext$2rdacontent
=337  \\$aunmediated$2rdamedia
=338  \\$avolume$2rdacarrier
=504  \\$aIncludes bibliographical references.
=530  \\$aAlso available online.
=650  \0$aIntelligence service$zUnited States.
=650  \0$aIntellectual capital$zUnited States.
=650  \0$aBehavioral assessment$zUnited States.
=650  \0$aNational security$zUnited States.
=650  \0$aDecision making$zUnited States.
=852  41$aBritish Library$bDSC$jm11/.18091
=856  41$uhttp://www.nap.edu/catalog.php?record_id=13040$zView the online version
=CAT  \\$aBATCH-APP$b00$c20110721$lBLL01$h2220
=CAT  \\$aBATCH$b00$c20110721$lBLL01$h2222
=CAT  \\$a10904$b40$c20110802$lBLL01$h0742
=CAT  \\$a10904$b40$c20110802$lBLL01$h0743
=FIN  \\$aY$d20110802
=FMT  \\$a  BK
=LAS  \\$a10904$b40$c20110802$lBLL01$h0743
=SRC  \\$aBLL02

