=LDR  02530 am a22005174a 4500
=001  015873050
=003  Uk
=005  20110912114231.0
=008  100511s2010\\\\dcua\\\\\b\\\\000\0\eng\\
=010  \\$a  2010020157
=020  \\$a9780309151290 (pbk.)
=020  \\$a0309151295 (pbk.)
=020  \\$z9780309151306 (pdf)
=020  \\$z0309151309 (pdf)
=035  \\$a(OCoLC)ocn614271791
=040  \\$aDNLM/DLC$cDLC$dYDX$dNLM$dNRC$dCDX$dUBY$dYDXCP$dIXA$dDLC$dUk
=042  \\$aukblderived
=050  00$aR853.B54$bE93 2010
=082  00$a610.28$222
=245  00$aEvaluation of biomarkers and surrogate endpoints in chronic disease /$cCommittee on Qualification of Biomarkers and Surrogate Endpoints in Chronic Disease, Board on Health Care Services, Board on Health Sciences Policy, Food and Nutrition Board, Institute of Medicine ; Christine M. Micheel and John R. Ball, editors.
=260  \\$aWashington, D.C. :$bNational Academies Press,$cc2010.
=300  \\$axx, 314 p. :$bill. ;$c23 cm.
=336  \\$atext$2rdacontent
=337  \\$aunmediated$2rdamedia
=338  \\$avolume$2rdacarrier
=504  \\$aIncludes bibliographical references.
=505  0\$aReview : evaluating and regulating biomarker use -- The biomarker evaluation process -- Case studies-- Strengthening evidence-based regulation.
=520  \\$a"Many people naturally assume that the claims made for foods and nutritional supplements have the same degree of scientific grounding as those for medication, but that is not always the case. The IOM recommends that the FDA adopt a consistent scientific framework for biomarker evaluation in order to achieve a rigorous and transparent process."--Publisher's description.
=650  \0$aBiochemical markers$xEvaluation.
=650  \0$aChronic diseases.
=650  12$aBiological Markers.
=650  22$aChronic Disease.
=650  22$aEvidence-Based Practice.
=700  1\$aMicheel, Christine.
=700  1\$aBall, John,$d1944-
=710  2\$aInstitute of Medicine (U.S.).$bCommittee on Qualification of Biomarkers and Surrogate Endpoints in Chronic Disease.
=852  41$aBritish Library$bDSC$jm11/.19292
=856  41$uhttp://www.nap.edu/catalog.php?record_id=12869$zFreely available online
=CAT  \\$a10934$b40$c20110822$lBLL01$h1551
=CAT  \\$a11002$b40$c20110912$lBLL01$h1142
=CAT  \\$aBATCH-UPD$b40$c20160605$lBLL01$h0553
=CAT  \\$aW1707-0052$c20170703$lBLL01$h1915
=FIN  \\$aY$d20110912
=FMT  \\$a  BK
=LAS  \\$aW1707-0052$b00$c20170703$lBLL01$h1915
=SRC  \\$aBLL02

