=LDR  02225 am a2200457 a 4500
=001  015993729
=003  Uk
=005  20120104080631.0
=008  110819s2011\\\\dcua\\\\\b\\\\100\0\eng\c
=020  \\$a0309214521
=020  \\$a9780309214520
=035  \\$a(OCoLC)747314135
=040  \\$aYDXCP$cYDXCP$dOLA$dNTD$dUPM$dBWX$dZCU$dUk
=042  \\$aukblderived
=050  \4$aTA654.6$b.G693 2011
=082  04$a624.1762$223$qUK-WkNB
=245  00$aGrand challenges in earthquake engineering research :$ba community workshop report /$cCommittee for the Workshop on Grand Challenges in Earthquake Engineering Research--A Vision for NEES Experimental Facilities and Cyberinfrastructure Tools ; Committee on Seismology amd Geodynamics, Board on Earth Sciences and Resources, Division on Earth and Life Studies, National Research Council of the National Academies.
=260  \\$aWashington, D.C. :$bNational Academies Press,$cc2011.
=300  \\$axii, 90 p. :$bcol. ill. ;$c28 cm.
=336  \\$atext$2rdacontent
=337  \\$aunmediated$2rdamedia
=338  \\$avolume$2rdacarrier
=504  \\$aIncludes bibliographical references.
=530  \\$aAlso available online in Open Book format via the National Academies Press home page.
=591  \\$aReport.
=650  \0$aEarthquake engineering$xResearch$vCongresses.
=650  \0$aEarthquake engineering$xTechnology$vCongresses.
=655  \0$aElectronic books.
=710  2\$aNational Research Council (U.S.).$bCommittee for the Workshop on Grand Challenges in Earthquake Engineering Research--A Vision for NEES Experimental Facilities and Cyberinfrastructure Tools.
=852  41$aBritish Library$bDSC$jm12/.10021
=856  41$uhttp://www.nap.edu/catalog.php?record_id=13167$zOnline version in Open Book format
=985  \\$aCorrected by MS generated file for WR# 13.051
=CAT  \\$aBATCH-APP$b00$c20111216$lBLL01$h2101
=CAT  \\$a5512$b40$c20120103$lBLL01$h1627
=CAT  \\$a8962$b40$c20120104$lBLL01$h0806
=CAT  \\$aBLSS-CORR$b00$c20130327$lBLL01$h1529
=CNF  \\$aGrand Challenges in Earthquake Engineering Research (Workshop)$d(2011 Mar)
=FIN  \\$aY$d20120103
=FMT  \\$a  BK
=LAS  \\$aBLSS-CORR$b00$c20130327$lBLL01$h1529
=SID  \\$aZ39$bOCLC

