=LDR  01601 am a2200385 a 4500
=001  016305597
=003  Uk
=005  20130328160709.0
=008  121018s2012\\\\dcuab\\\\b\\\\000\0\eng\d
=020  \\$a9780309259774
=020  \\$a0309259770
=035  \\$a(OCoLC)813926160
=040  \\$aBTCTA$beng$cBTCTA$dOLA$dOCLCO$dYDXCP$dBWX$dAAA$dUk
=042  \\$aukblderived
=043  \\$an-us---
=110  2\$aNational Research Council (U.S.).$bCommittee on a National Strategy for Advancing Climate Modeling.
=245  12$aA national strategy for advancing climate modeling /$cCommittee on a National Strategy for Advancing Climate Modeling, Board on Atmospheric Studies and Climate, Division on Earth and Life Studies.
=260  \\$aWashington, D.C. :$bNational Academies Press,$c2012.
=300  \\$axiii, 280 p. :$bcol. ill., col. maps ;$c28 cm.
=336  \\$atext$2rdacontent
=337  \\$aunmediated$2rdamedia
=338  \\$avolume$2rdacarrier
=504  \\$aIncludes bibliographical references.
=530  \\$aAlso available online in Open Book format via the National Academies Press home page.
=650  \0$aMeteorology$xMathematical models.
=650  \0$aClimatology$xMathematical models.
=650  \0$aMeteorology$xResearch$zUnited States.
=852  41$aBritish Library$bDSC$jm13/.12677
=856  41$uhttp://www.nap.edu/catalog.php?record_id=13430$zOnline version in Open Book format
=CAT  \\$aBATCH-APP$b00$c20130322$lBLL01$h2111
=CAT  \\$a5512$b40$c20130328$lBLL01$h1607
=FIN  \\$aY$d20130328
=FMT  \\$a  BK
=LAS  \\$a5512$b40$c20130328$lBLL01$h1607
=SID  \\$aZ39$bOCLC

