=LDR  02382 am a22004697i 4500
=001  016333103
=003  Uk
=005  20130515144513.0
=008  121224t20132013dcuab\\\\b\\\\000\0\eng\d
=010  \\$a2012955130
=020  \\$a0309278740
=020  \\$a9780309278744
=035  \\$a(OCoLC)822894403$z(OCoLC)823044001
=040  \\$aYDXCP$beng$cYDXCP$dOCLCQ$dBTCTA$dAZS$dBWX$dCUT$dGWL$dUk$erda
=042  \\$aukblderived
=043  \\$an-us---
=050  \4$aTD426$b.N38 2013
=110  2\$aNational Research Council (U.S.).$bCommittee on Future Options for Management in the Nation's Subsurface Remediation Effort.
=245  10$aAlternatives for managing the nation's complex contaminated groundwater sites /$cCommittee on Future Options for Management in the Nation's Subsurface Remediation Effort, Water Science and Technology Board, Division on Earth and Life Studies, National Research Council of the National Academies.
=264  \1$aWashington, D.C. :$bNational Academies Press,$c[2013]
=264  \4$c©2013
=300  \\$axiii, 320 pages :$billustrations, maps ;$c24 cm
=336  \\$atext$btxt$2rdacontent
=337  \\$aunmediated$bn$2rdamedia
=338  \\$avolume$bnc$2rdacarrier
=504  \\$aIncludes bibliographical references.
=505  0\$aMagnitude of the problem -- Remedial objectives, remedy selection, and site closure -- Current capabilities to remove or contain contamination -- Implications of contamination remaining in place -- Technology development to support long-term management of complex sites -- Better decision making during the long-term management of complex groundwater contamination sites.
=650  \0$aGroundwater$xPollution$zUnited States.
=650  \0$aHazardous waste site remediation$zUnited States.
=650  \0$aGroundwater$xPurification$xManagement.
=650  \0$aSoil remediation$xManagement.
=650  \0$aGroundwater$xEffect of human beings on.
=710  2\$aNational Research Council (U.S.).$bWater Science and Technology Board.
=852  41$aBritish Library$bDSC$jm13/.14378
=856  41$uhttp://www.nap.edu/catalog.php?record_id=14668$zView online
=CAT  \\$aBATCH-APP$b00$c20130503$lBLL01$h2107
=CAT  \\$a11002$b40$c20130515$lBLL01$h1445
=CAT  \\$aBATCH-UPD$b40$c20151202$lBLL01$h0628
=FIN  \\$aY$d20130515
=FMT  \\$a  BK
=LAS  \\$aBATCH-UPD$b40$c20151202$lBLL01$h0628
=SID  \\$aZ39$bOCLC

