=LDR  04087 am a22003977i 4500
=001  016425456
=003  Uk
=005  20130619082057.0
=008  130322s2013\\\\dcuab\\\\b\\\\000\0\eng\d
=020  \\$a9780309278249 (paperback)
=020  \\$a0309278244 (paperback)
=035  \\$a(OCoLC)830880917
=040  \\$aTRS$beng$cTRS$dOCLCO$dYDXCP$dNTD$dZCU$dIXA$dBWX$dJCR$dNDD$dCDX$dUk$erda
=042  \\$aukblderived
=110  2\$aNational Research Council (U.S.).$bCommittee on Underground Engineering for Sustainable Development,$eauthor.
=245  10$aUnderground engineering for sustainable urban development /$cCommittee on Underground Engineering for Sustainable Development, Committee on Geological and Geotechnical Engineering, Board on Earth Sciences and Resources, Division on Earth and Life Studies ; National Research Council of the National Academies.
=264  \1$aWashington, D.C. :$bThe National Academies Press,$c[2013]
=300  \\$axv, 230 pages :$billustrations (black and white, and colour), maps (colour) ;$c23 cm
=336  \\$atext$btxt$2rdacontent
=337  \\$aunmediated$bn$2rdamedia
=338  \\$avolume$bnc$2rdacarrier
=504  \\$aIncludes bibliographical references.
=520  3\$a"For thousands of years, the underground has provided humans refuge, useful resources, physical support for surface structures, and a place for spiritual or artistic expression. More recently, many urban services have been placed underground. Over this time, humans have rarely considered how underground space can contribute to or be engineered to maximize its contribution to the sustainability of society. As human activities begin to change the planet and population struggle to maintain satisfactory standards of living, placing new infrastructure and related facilities underground may be the most successful way to encourage or support the redirection of urban development into sustainable patterns. Well maintained, resilient, and adequately performing underground infrastructure, therefore, becomes an essential part of sustainability, but much remains to be learned about improving the sustainability of underground infrastructure itself. At the request of the National Science Foundation (NSF), the National Research Council (NRC) conducted a study to consider sustainable underground development in the urban environment, to identify research needed to maximize opportunities for using underground space, and to enhance understanding among the public and technical communities of the role of underground engineering in urban sustainability. Underground Engineering for Sustainable Urban Development explains the findings of researchers and practitioners with expertise in geotechnical engineering, underground design and construction, trenchless technologies, risk assessment, visualization techniques for geotechnical applications, sustainable infrastructure development, life cycle assessment, infrastructure policy and planning, and fire prevention, safety and ventilation in the underground. This report is intended to inform a future research track and will be of interest to a broad audience including those in the private and public sectors engaged in urban and facility planning and design, underground construction, and safety and security."--Publisher's description.
=536  \\$aThis study was supported by the National Science Foundation under Grant No.$cCMMI-0946245
=650  \0$aUnderground construction.
=650  \0$aSustainable urban development.
=710  2\$aNational Research Council (U.S.).$bCommittee on Geological and Geotechnical Engineering,$eauthor.
=852  41$aBritish Library$bDSC$jm13/.14995
=856  41$uhttp://www.nap.edu/catalog.php?record_id=14670$zThis resource is also available from the publisher online in PDF format (requires registering for a free account).
=CAT  \\$aBATCH-APP$b00$c20130605$lBLL01$h2121
=CAT  \\$a10904$b40$c20130617$lBLL01$h1058
=CAT  \\$a9671$b40$c20130619$lBLL01$h0820
=FIN  \\$aY$d20130619
=FMT  \\$a  BK
=LAS  \\$a9671$b40$c20130619$lBLL01$h0820
=SID  \\$aZ39$bOCLC

