=LDR  01945 am a2200433 i 4500
=001  016648530
=003  Uk
=005  20140318142817.0
=008  130708t20132013dcu\\\\\\b\\\\000\0\eng\d
=010  \\$a  2013944743
=020  \\$a9780309287784 (pbk.)
=020  \\$a0309287782 (pbk.)
=035  \\$a(OCoLC)ocn857812965
=040  \\$aEAU$cEAU$dEAU$dYDXCP$dEAU$dCUI$dOAE$dCDX$dDLC$dUk$erda
=042  \\$aukblderived
=050  00$aQA276.4$b.F76 2013
=245  00$aFrontiers in massive data analysis /$cCommittee on the Analysis of Massive Data ; Committee on Applied and Theoretical Statistics ; Board on Mathematical Sciences and Their Applications ; Division on Engineering and Physical Sciences ; National Research Council of the National Academies.
=264  \1$aWashington, D.C. :$bThe National Academies Press,$c[2013]
=264  \4$c©2013
=300  \\$axiii, 176 pages ;$c23 cm
=336  \\$atext$btxt$2rdacontent
=337  \\$aunmediated$bn$2rdamedia
=338  \\$avolume$bnc$2rdacarrier
=504  \\$aIncludes bibliographical references.
=650  \0$aMathematical statistics$xData processing.
=650  \0$aSocial sciences$xStatistical methods.
=710  2\$aNational Research Council (U.S.).$bCommittee on Applied and Theoretical Statistics.
=710  2\$aNational Research Council (U.S.).$bCommittee on the Analysis of Massive Data.
=710  2\$aNational Research Council (U.S.).$bBoard on Mathematical Sciences and Their Applications.
=710  2\$aNational Research Council (U.S.).$bDivision on Engineering and Physical Sciences.
=852  41$aBritish Library$bDSC$jm14/.10699
=856  41$uhttp://www.nap.edu/catalog.php?record_id=18374$zOnline version
=CAT  \\$aBATCH-APP$b00$c20140311$lBLL01$h1013
=CAT  \\$a11002$b40$c20140318$lBLL01$h1428
=CAT  \\$aBATCH-UPD$b40$c20151202$lBLL01$h0758
=FIN  \\$aY$d20140318
=FMT  \\$a  BK
=LAS  \\$aBATCH-UPD$b40$c20151202$lBLL01$h0758
=SRC  \\$aBLL02

