=LDR  02324cam a22005297a 4500
=001  014017493
=003  Uk
=005  20071106131008.0
=008  070131s2007\\\\dcuab\\\\b\\\\100\0\eng\c
=010  \\$a  2006303026
=020  \\$a0309102952 (cased)
=020  \\$a9780309102957 (cased)
=020  \\$z978309102957
=035  \\$a(OCoLC)ocm79646396
=035  \\$a(OCoLC)79646396
=040  \\$aAZS$beng$cAZS$dBAKER$dAZS$dDLC$dUk
=050  00$aG70.39$b.N36 2007
=110  2\$aNational Research Council (U.S.).$bCommittee on the Earth System Science for Decisions About Human Welfare: Contributions of Remote Sensing.
=245  10$aContributions of land remote sensing for decisions about food security and human health :$bworkshop report /$cCommittee on the Earth System Science for Decisions About Human Welfare: Contributions of Remote Sensing, Geographical Sciences Committee, Board on Earth Sciences and Resources, Division on Earth and Life Studies, National Research Council of the National Academies.
=260  \\$aWashington, DC :$bNational Academies Press,$cc2007.
=300  \\$axiv, 97 p. :$bcol. ill., maps ;$c23 cm.
=336  \\$atext$2rdacontent
=337  \\$aunmediated$2rdamedia
=338  \\$avolume$2rdacarrier
=504  \\$aIncludes bibliographical references.
=530  \\$aAlso available via the Internet.
=591  \\$aReport.
=650  \0$aRemote sensing$vCongresses.
=650  \0$aFood supply$vCongresses.
=650  \0$aHealth$vCongresses.
=650  \0$aAgriculture$xRemote sensing$vCongresses.
=650  \0$aHumanitarianism$vCongresses.
=653  1\$aLand remote sensing
=653  1\$aFood security
=653  1\$aHuman health
=852  41$aBritish Library$bDSC$jm07/.34945
=856  41$uhttp://books.nap.edu/openbook/0309102952/html/index.html$zView the electronic version
=CAT  \\$a7203$b40$c20070926$lBLL01$h1439
=CAT  \\$aBATCH-UPD$b40$c20070926$lBLL01$h1440
=CAT  \\$a7196$b40$c20071106$lBLL01$h1310
=CAT  \\$aBATCH-UPD$b40$c20170705$lBLL01$h1641
=CAT  \\$aW2308-1659$c20230923$lBLL01$h1109
=CNF  \\$aContributions of land remote sensing for decisions about food security and human health (Workshop)$d(2006 Jan :$cWashington, DC)
=FIN  \\$aY$d20071106
=FMT  \\$a  BK
=LAS  \\$aW2308-1659$b00$c20230923$lBLL01$h1109
=SRC  \\$aBLL02

