=LDR  01889 am a2200469 a 4500
=001  014054307
=003  Uk
=005  20071115221521.0
=008  061006s2006\\\\dcua\\\\\b\\\\001\0\eng\d
=010  \\$a  2006935988
=020  \\$a0309102995
=020  \\$a9780309102995
=035  \\$a(OCoLC)ocm79623806
=040  \\$aGAO$cGAO$dBAKER$dDLC$dUk
=042  \\$aukblsr
=043  \\$an-us---
=050  00$aHA179$b.O52 2006
=082  00$a001.433$222
=245  00$aOnce, only once, and in the right place :$bresidence rules in the decennial Census /$cPanel on Residence Rules in the Decennial Census ; Daniel L. Cork and Paul R. Voss, editors ; Committee on National Statistics, Division of Behavioral and Social Sciences and Education, National Research Council of the National Academies.
=260  \\$aWashington, D.C. :$bNational Academies Press,$cc2006.
=300  \\$axx, 356 p. :$bill. ;$c24 cm.
=336  \\$atext$2rdacontent
=337  \\$aunmediated$2rdamedia
=338  \\$avolume$2rdacarrier
=504  \\$aIncludes bibliographical references (p. 273-292) and index.
=530  \\$aAlso issued via the Internet at http://books.nap.edu/books/0309102995/html as of 01/07.
=650  \0$aDomicile$zUnited States.
=650  \0$aCensus undercounts$zUnited States.
=651  \0$aUnited States$xCensus$xMethodology.
=700  1\$aCork, Daniel L.
=700  1\$aVoss, Paul R.
=710  2\$aNational Research Council (U.S.).$bPanel on Residence Rules in the Decennial Census.
=852  41$aBritish Library$bDSC$jm07/.35331
=856  41$uhttp://books.nap.edu/books/0309102995/html$zView report
=BUF  \\$aN2$d20071107
=CAT  \\$a7203$b40$c20071005$lBLL01$h1052
=CAT  \\$a10904$b40$c20071107$lBLL01$h0746
=CAT  \\$aBATCH-BUOC$b00$c20071115$lBLL01$h2215
=FIN  \\$aY$d20071107
=FMT  \\$a  BK
=LAS  \\$aBATCH-BUOC$b00$c20071115$lBLL01$h2215
=SRC  \\$aBLL02

