=LDR  02498 am a2200577 a 4500
=001  014527416
=003  Uk
=005  20090119132605.0
=008  071108s2007\\\\dcua\\\\\b\\\\100\0\eng\c
=010  \\$a  2007299525
=015  \\$aGBA905434$2bnb
=016  7\$a014527416$2Uk
=020  \\$a9780309103169 (cased) :$cNo price
=020  \\$a0309103169 (cased) :$cNo price
=035  \\$a(OCoLC)ocn166262926
=040  \\$aAZS$cAZS$dYDXCP$dBAKER$dBTCTA$dDLC$dUk
=042  \\$aukblcatcopy
=043  \\$an-us---
=050  00$aHC110.T4$bI563 2007
=082  00$a338.064$222
=245  00$aInnovation policies for the 21st century :$breport of a symposium /$cCharles W. Wessner, editor ; Committee on Comparative Innovation Policy: Best Practice for the 21st Century, Board on Science, Technology, and Economic Policy, Policy and Global Affairs, National Research Council of the National Academies.
=246  1\$iAt head of title on cover:$aComparative innovation policy
=260  \\$aWashington, D.C. :$bNational Academies Press,$cc2007.
=300  \\$axvi, 206 p. :$bill. ;$c24 cm.
=336  \\$atext$2rdacontent
=337  \\$aunmediated$2rdamedia
=338  \\$avolume$2rdacarrier
=500  \\$aReport from an international symposium held on April 15, 2007 in Washington, D.C.
=504  \\$aIncludes bibliographical references (p. 200-206).
=530  \\$aAlso available online in Adobe Acrobat format.
=650  \0$aTechnological innovations$xGovernment policy$zUnited States$vCongresses.
=650  \0$aTechnology and state$vCongresses.
=650  \0$aTechnology$xResearch$vCongresses.
=690  7\$aManagement and Business Studies$2blcoll
=700  1\$aWessner, Charles W.
=710  2\$aCommittee on Comparative Innovation Policy: Best Practice for the 21st Century.
=710  2\$aNational Research Council (U.S.).$bBoard on Science, Technology, and Economic Policy.
=852  41$aBritish Library$bHMNTS$jYK.2009.a.1866
=856  41$uhttp://books.nap.edu/openbook.php?isbn=0309103169$zClick to access this title
=CAT  \\$aBATCH-ALDL$b00$c20080222$lBLL01$h0951
=CAT  \\$a8479$b40$c20090115$lBLL01$h1106
=CAT  \\$a8479$b40$c20090115$lBLL01$h1107
=CAT  \\$a10883$b40$c20090119$lBLL01$h1326
=CAT  \\$aBATCH$b00$c20090625$lBLL01$h1714
=CAT  \\$aWR16_021$c20160618$lBLL01$h1832
=FIN  \\$aY$d20090119
=FMT  \\$a  BK
=LAS  \\$aWR16_021$b00$c20160618$lBLL01$h1832
=LDO  \\$aALDL$bHB$c20080131$d4736562
=SRC  \\$aALDL
=SRC  \\$aBLL02

