=LDR  02237pam a2200529 a 4500
=001  014533449
=003  Uk
=005  20091012132358.0
=008  071205s2007\\\\dcua\\\\\b\\\\000\0\eng\c
=010  \\$a  2007300055
=015  \\$aGBA824273$2bnb
=016  7\$a014533449$2Uk
=020  \\$a9780309110006 (pbk.) :$cNo price
=020  \\$a0309110009 (pbk.) :$cNo price
=035  \\$a(UkOxU)UkOxUb16656736
=040  \\$aAZS$cAZS$dNDD$dYDXCP$dBAKER$dBTCTA$dDLC$dUkOxU$dUk
=042  \\$aukscp
=043  \\$an-us---
=050  00$aGE180$b.N385 2007
=082  00$a333.7140973$222
=110  2\$aNational Research Council (U.S.).$bCommittee on Models in the Regulatory Decision Process.
=245  10$aModels in environmental regulatory decision making /$cCommittee on Models in the Regulatory Decision Process, Board on Environmental Studies and Toxicology, Division on Earth and Life Studies, National Research Council of the National Academies.
=260  \\$aWashington, D.C. :$bNational Academies Press,$cc2007.
=300  \\$axvi, 267 p. :$bill. ;$c23 cm.
=336  \\$atext$2rdacontent
=337  \\$aunmediated$2rdamedia
=338  \\$avolume$2rdacarrier
=504  \\$aIncludes bibliographical references.
=530  \\$aAlso available via the Internet.
=610  10$aUnited States.$bEnvironmental Protection Agency$xStatistics.
=650  \0$aEnvironmental risk assessment$xGovernment policy$zUnited States$xMathematical models.
=650  \0$aRisk assessment$xGovernment policy$zUnited States$xMathematical models.
=650  \0$aRisk assessment$xStandards$xMathematical models.
=852  41$aBritish Library$bHMNTS$jYK.2009.a.28631
=856  41$uhttp://books.nap.edu/openbook.php?isbn=0309110009$zView the electronic version
=985  \\$aLDL record matched & merged
=CAT  \\$aBATCH-ALDL$b00$c20080229$lBLL01$h0823
=CAT  \\$aBATCH-LDL$b00$c20080303$lBLL01$h2058
=CAT  \\$aBATCH$b00$c20080303$lBLL01$h2058
=CAT  \\$aBATCH-LDL$b00$c20080303$lBLL01$h2059
=CAT  \\$a8202$b40$c20091012$lBLL01$h1323
=CAT  \\$aWR16_021$c20160618$lBLL01$h1833
=FIN  \\$aY$d20091012
=FMT  \\$a  BK
=LAS  \\$aWR16_021$b00$c20160618$lBLL01$h1833
=LDO  \\$aALDL$bPB$c20080204$d4736555
=SRC  \\$aALDL

