=LDR  02522 am a2200577 a 4500
=001  014790718
=003  Uk
=005  20100707110305.0
=008  080331s2008\\\\dcua\\\\\b\\\\000\0\eng\c
=010  \\$a  2008297611
=015  \\$aGBB079947$2bnb
=016  7\$a014790718$2Uk
=020  \\$a9780309114004 (pbk.) :$cNo price
=020  \\$a0309114004 (pbk.) :$cNo price
=035  \\$a(OCoLC)ocn181599397
=040  \\$aYDXCP$cYDXCP$dBAKER$dBTCTA$dAZS$dUBY$dDLC$dUk
=042  \\$aukblcatcopy
=043  \\$an-us---
=050  00$aHD38.25.U6$bC67 2008
=082  04$a658$222
=245  00$aCore competencies for federal facilities asset management through 2020 :$btransformational strategies /$cCommittee on Core Competencies for Federal Facilities Asset Management, 2050-2006, Board on Infrastructure and the Constructed Environment, Division on Engineering and Phsysical Sciences, National Research Council of the National Academies.
=260  \\$aWashington, D.C. :$bNational Academies Press,$cc2008.
=300  \\$axii, 121 p. :$bill. ;$c23 cm.
=336  \\$atext$2rdacontent
=337  \\$aunmediated$2rdamedia
=338  \\$avolume$2rdacarrier
=504  \\$aIncludes bibliographical references.
=530  \\$aAlso available online.
=650  \0$aIndustrial management$zUnited States.
=650  \0$aFacility management$zUnited States.
=650  \0$aGovernment property$zUnited States$xManagement.
=650  \0$aCore competencies$zUnited States.
=690  7\$aManagement and Business Studies$2blcoll
=710  2\$aNational Research Council (U.S.).$bCommittee on Core Competencies for Federal Facilities Asset Management, 2005-2020.
=710  2\$aNational Research Council (U.S.).$bBoard on Infrastructure and the Constructed Environment.
=710  2\$aNational Research Council (U.S.).$bDivision on Engineering and Physical Sciences.
=852  41$aBritish Library$bHMNTS$jYK.2010.a.18913
=856  41$uhttp://www.nap.edu/openbook.php?isbn=0309114004$zClick to access the online version
=CAT  \\$aBATCH-ALDL$b00$c20081031$lBLL01$h0917
=CAT  \\$a12323$b40$c20091005$lBLL01$h1416
=CAT  \\$a12323$b40$c20091005$lBLL01$h1417
=CAT  \\$a5375$b40$c20100701$lBLL01$h1357
=CAT  \\$a11249$b40$c20100707$lBLL01$h1103
=CAT  \\$aBATCH-MBS$c20100723$lBLL01$h2042
=CAT  \\$aWR16_021$c20160623$lBLL01$h1802
=FIN  \\$aY$d20100701
=FMT  \\$a  BK
=LAS  \\$aWR16_021$b00$c20160623$lBLL01$h1802
=LDO  \\$aALDL$bPB$c20080916$d4888685
=SRC  \\$aALDL
=SRC  \\$aBLL02

