=LDR  01884cam a22004217a 4500
=001  014825699
=003  Uk
=005  20081220092025.0
=008  070510s2007\\\\dcuab\\\\b\\\\000\0\eng\c
=010  \\$a  2007274659
=020  \\$a0309103401
=020  \\$a9780309103404
=035  \\$a(OCoLC)ocm80020180
=040  \\$aAZS$cAZS$dAZS$dBAKER$dDLC$dUk
=042  \\$aukblderived
=043  \\$an-us---
=050  00$aG70.215.U6$bN378 2007
=110  2\$aNational Research Council (U.S.).$bCommittee on Planning for Catastrophe: a Blueprint for Improving Geospatial Data, Tools, and Infrastructure.
=245  10$aSuccessful response starts with a map :$bimproving geospatial support for disaster management /$cCommittee on Planning for Catastrophe: a Blueprint for Improving Geospatial Data, Tools, and Infrastructure, Mapping Science Committee, Board on Earth Sciences and Resources, Division on Earth and Life Studies, National Research Council of the National Academies.
=260  \\$aWashington, D.C. :$bNational Academies Press,$cc2007.
=300  \\$axiv, 184 p. :$bcol. ill., col. maps ;$c23 cm.
=336  \\$atext$2rdacontent
=337  \\$aunmediated$2rdamedia
=338  \\$avolume$2rdacarrier
=504  \\$aIncludes bibliographical references.
=530  \\$aAlso available via the Internet.
=650  \0$aGeographic information systems$xDefense measures$zUnited States.
=650  \0$aCivil defense$zUnited States.
=650  \0$aDisaster relief$zUnited States$xManagement.
=852  41$aBritish Library$bDSC$jm08/.38202
=856  41$uhttp://www.nap.edu/books/0309103401/html/index.html$zView the electronic version
=CAT  \\$a10934$b40$c20081120$lBLL01$h1053
=CAT  \\$a10904$b40$c20081220$lBLL01$h0920
=CAT  \\$aW2308-1659$c20230923$lBLL01$h1132
=FIN  \\$aY$d20081220
=FMT  \\$a  BK
=LAS  \\$aW2308-1659$b00$c20230923$lBLL01$h1132
=SRC  \\$aBLL02

