=LDR  03368cam a22004697a 4500
=001  014910299
=003  Uk
=005  20090313073025.0
=008  080917s2008\\\\dcu\\\\\\b\\\\000\0\eng\d
=010  \\$a  2008277024
=020  \\$a9780309118736 (pbk.)
=020  \\$a0309118735 (pbk.)
=035  \\$a(OCoLC)ocn223867803
=040  \\$aYDXCP$cYDXCP$dBAKER$dBTCTA$dNRZ$dNTD$dCDX$dIXA$dDLC$dUk
=042  \\$aukblderived
=050  00$aRC731$b.R4675 2008
=082  04$a616.2$222
=245  00$aRespiratory diseases research at NIOSH :$breviews of research programs of the National Institute for Occupational Safety and Health /$cCommittee to Review the NIOSH Respiratory Diseases Research Program, Board on Environmental Studies and Toxicology, Division on Earth and Life Studies, National Research Council and Institute of Medicine of the National Academies.
=260  \\$aWashington, D.C. :$bNational Academies Press,$cc2008.
=300  \\$axviii, 231 p. ;$c26 cm.
=336  \\$atext$2rdacontent
=337  \\$aunmediated$2rdamedia
=338  \\$avolume$2rdacarrier
=504  \\$aIncludes bibliographical references (p. 150-169).
=520  \\$aRespiratory diseases caused by exposures to dangerous materials in the workplace have tremendous implications for worker health and, by extension, the national economy. The National Institute for Occupational Safety and Health (NIOSH) estimates that deaths from work-related respiratory diseases and cancers account for about 70% of all occupational disease deaths. NIOSH conducts research in order to detect and reduce work-related hazardous exposures, injuries, and diseases; its Respiratory Disease Research Program (RDRP) focuses on respiratory diseases. This National Research Council book reviews the RDRP to evaluate the 1) relevance of its work to improvements in occupational safety and health and 2) the impact of research in reducing workplace respiratory illnesses. The assessment reveals that the program has made essential contributions to preventing occupational respiratory disease. The National Research Council has rated the Program a 5 out of 5 for relevance, and a 4 out of 5 for impact. To further increase its effectiveness, the Respiratory Disease Research Program should continue and expand its current efforts, provide resources for occupational disease surveillance, and include exposure assessment scientists in its activities.
=530  \\$aAlso available online.
=610  20$aNational Institute for Occupational Safety and Health.
=650  \0$aLungs$xDiseases$xResearch.
=650  \0$aLungs$xDust diseases.
=650  \0$aOccupational diseases.
=650  \0$aEnvironmentally induced diseases.
=710  2\$aNational Research Council (U.S.).$bCommittee to Review the Respiratory Diseases Research Program. Board on Environmental Studies and Toxicology.
=710  2\$aNational Research Council (U.S.).$bBoard on Environmental Studies and Toxicology.
=852  41$aBritish Library$bDSC$jm09/.16816
=856  41$uhttp://search.nap.edu/nap-cgi/de2007.cgi?term=0309118735$zView online options and "term cloud derived from results"
=CAT  \\$a7040$b40$c20090218$lBLL01$h0930
=CAT  \\$a11131$b40$c20090313$lBLL01$h0730
=CAT  \\$aW2308-1659$c20230923$lBLL01$h1135
=FIN  \\$aY$d20090313
=FMT  \\$a  BK
=LAS  \\$aW2308-1659$b00$c20230923$lBLL01$h1135
=SRC  \\$aBLL02

