=LDR  02425cam a22005777a 4500
=001  015290631
=003  Uk
=005  20090805080602.0
=008  080425s2007\\\\dcuab\\\\b\\\\100\0\eng\\
=010  \\$a  2008297887
=020  \\$a9780309111140 (pbk.)
=020  \\$a0309111145 (pbk.)
=035  \\$a(OCoLC)ocn181599394
=040  \\$aNLM$cNLM$dYDXCP$dBAKER$dNRZ$dBTCTA$dIXA$dDLC$dUk
=042  \\$aukblderived
=050  00$aRA643.5$b.G56 2007
=060  00$a2008 B-275
=060  10$aWA 110$bG5618 2007
=082  00$a362.1969$222
=245  00$aGlobal infectious disease surveillance and detection :$bassessing the challenges--finding solutions : workshop summary /$crapporteurs: Stanley M. Lemon ... [et al.] ; Forum on Microbial Threats, Board on Global Health, Institute of Medicine of the National Academies.
=260  \\$aWashington, D.C. :$bNational Academies Press,$cc2007.
=300  \\$axix, 263 p. :$bill. (some col.), maps (some col.) ;$c24 cm.
=336  \\$atext$2rdacontent
=337  \\$aunmediated$2rdamedia
=338  \\$avolume$2rdacarrier
=500  \\$a"..a public workshop in Washington D.C., on December 12 and 13, 2006"--P. xii.
=504  \\$aIncludes bibliographical references.
=530  \\$aAlso issued online.
=591  \\$aPapers.
=650  \0$aCommunicable diseases$zUnited States.
=650  \0$aPublic health$zUnited States.
=650  12$aCommunicable Diseases, Emerging$xprevention & control$vCongresses.
=650  22$aCommunicable Disease Control$xmethods$vCongresses.
=650  22$aPopulation Surveillance$vCongresses.
=690  7\$aSocial Welfare$2blcoll
=700  1\$aLemon, Stanley M.
=710  2\$aInstitute of Medicine (U.S.).$bForum on Microbial Threats.
=852  41$aBritish Library$bDSC$jm09/.28131
=856  4\$uhttp://www.nap.edu/books/0309111145/html/index.html
=856  41$uhttp://www.nap.edu/catalog.php?record_id=11996$zView online options
=CAT  \\$a7040$b40$c20090616$lBLL01$h1043
=CAT  \\$a8962$b40$c20090805$lBLL01$h0806
=CAT  \\$aBATCH$b00$c20110625$lBLL01$h0545
=CAT  \\$aBATCH-SWP4$c20110627$lBLL01$h1629
=CAT  \\$aW1707-0052$c20170703$lBLL01$h1906
=CAT  \\$aW2308-1659$c20230923$lBLL01$h1021
=CNF  \\$aGlobal infectious disease surveillance and detection (Workshop)$d(2006 Dec :$cWashington, DC)
=FIN  \\$aY$d20090805
=FMT  \\$a  BK
=LAS  \\$aW2308-1659$b00$c20230923$lBLL01$h1021
=SRC  \\$aBLL02

