=LDR  01689 am a2200457 a 4500
=001  012882558
=003  Uk
=005  20040903143918.0
=008  040429s2004\\\\dcu\\\\\\b\\\\000\0\eng\d
=010  \\$a2004272176
=020  \\$a0309090938 (hdbk.)
=020  \\$a0309527996 (pdf)
=035  \\$a(OCoLC)ocm54763219
=040  \\$aCDS$cCDS$dGZM$dDLC$dUk
=042  \\$aukblsr
=050  14$aQ172.5.I5$bS38 2004
=082  04$a327.170885$222
=100  1\$aSchweitzer, Glenn E.,$d1930-
=245  10$aScientists, engineers, and track-two diplomacy :$ba half-century of U.S.-Russian interacademy cooperation /$cGlenn E. Schweitzer.
=246  30$aHalf-century of U.S.-Russian interacademy cooperation
=260  \\$aWashington, D.C. :$bNational Academies Press,$cc2004.
=300  \\$axix, 146 p. ;$c23 cm.
=336  \\$atext$2rdacontent
=337  \\$aunmediated$2rdamedia
=338  \\$avolume$2rdacarrier
=500  \\$a"National Research Council of the National Academies"--T.p.
=504  \\$aIncludes bibliographical references (p. 139-146).
=530  \\$aAlso available online in both html and postscript data file (pdf) formats.
=650  \0$aScience and international affairs.
=651  \0$aUnited States$xForeign relations$zRussia.
=651  \0$aRussia$xForeign relations$zUnited States.
=852  41$aBritish Library$bDSC$jm04/25137
=856  41$uhttp://books.nap.edu/catalog/10888.html
=856  41$uhttp://www.nap.edu/books/0309090938/html/
=CAT  \\$aBATCH$b00$c20040530$lBLL01$h1624
=CAT  \\$c20040530$lBLL01$h1624
=CAT  \\$a11317$b40$c20040903$lBLL01$h1439
=FIN  \\$aY
=FMT  \\$a  BK
=LAS  \\$a11317$b40$c20040903$lBLL01$h1439
=SID  \\$aZ39$bLOC

