=LDR  01854 am a22004577a 4500
=001  012947778
=003  Uk
=005  20050301094356.0
=008  040220m20049999dcua\\\\\b\\\\000\0\eng\d
=010  \\$a2004102556
=020  \\$a0309091667 (Book, v.1)
=020  \\$a0309530741 (PDF, v.1)
=035  \\$a(DLC)13495449
=040  \\$aOUN$cOUN$dCaONFJC
=042  \\$alccopycat
=050  \4$aTL1565$b.N38 2004x
=082  04$a629.477 21
=245  00$aSpacecraft water exposure guidelines for selected contaminants /$cSubcommittee on Spacecraft Exposure Guidelines, Committee on Toxicology, Board on Environmental Studies and Toxicology, Division on Earth and Life Studies, National Research Council of the National Academies.
=260  \\$aWashington, D.C. :$bNational Academy of Sciences,$c2004-
=300  \\$av. :$bill. ;$c23 cm.
=336  \\$atext$2rdacontent
=337  \\$aunmediated$2rdamedia
=338  \\$avolume$2rdacarrier
=500  \\$a"This project was supported by Grant No. NAG 9-1451 between the National Academy of Sciences and the National Aeronautics and Space Administration."--T.p. verso.
=504  \\$aIncludes bibliographical references.
=530  \\$aAlso available online.
=650  \0$aSpace vehicles$xWater-supply.
=650  \0$aWater$xPollution$xHealth aspects.
=710  2\$aNational Research Council (U.S.).$bSubcommittee on Spacecraft Water Exposure Guidelines.
=852  41$aBritish Library$bDSC$jm05/.15465
=856  41$uhttp://www.nap.edu/books/0309091667/html/
=985  \\$aProvisional Record
=985  \\$arlin$crlin$emarcadia
=CAT  \\$aBATCH$b00$c20040707$lBLL01$h1543
=CAT  \\$c20040707$lBLL01$h1543
=CAT  \\$c20040707$lBLL01$h1545
=CAT  \\$a10883$b40$c20050301$lBLL01$h0943
=FIN  \\$aY$d20050301
=FMT  \\$a  BK
=LAS  \\$a10883$b40$c20050301$lBLL01$h0943
=SID  \\$aZ39$bLOC

