=LDR  02212cam a2200505 a 4500
=001  012981179
=003  Uk
=005  20230923090800.0
=008  051121s2006\\\\dcuab\\\\b\\\\001\0\eng\\
=010  \\$a  2005032115
=015  \\$aGBA463276$2bnb
=016  7\$a012981179$2Uk
=020  \\$a0309092086 (pbk.) :$c£24.99
=020  \\$a0309531918 (pdf.) :$cNo price
=040  \\$aStDuBDS$beng$cStDuBDS$dUk
=042  \\$aukblsr
=050  00$aBF723.S63$bL43 2006
=082  00$a370.152$222
=245  00$aLearning to think spatially.
=260  \\$aWashington, D.C. :$bNational Academies,$c2006.
=300  \\$axviii, 313 p. :$bill. (some col.), maps (chiefly col.) ;$c26 cm.
=336  \\$atext$2rdacontent
=337  \\$aunmediated$2rdamedia
=338  \\$avolume$2rdacarrier
=500  \\$aFormerly CIP.$5Uk
=504  \\$aIncludes bibliographical references (p. 243-255) and index.
=505  00$gIntroduction --$tThe nature of spatial thinking --$tSpatial thinking in everyday life, at work, and in science --$tTeaching and learning about spatial thinking --$tResponding to the need for spatial thinkers --$tTools for thought: the concept of a support system --$tHigh-tech support systems for spatial thinking --$tAn assessment of GIS as a system for supporting spatial thinking in the K-12 context --$tGIS as a support system for spatial thinking --$gConclusions and recommendations --$tThe spatial thinker.
=650  \0$aSpace perception$xStudy and teaching.
=650  \0$aGeographic information systems.
=710  2\$aNational Academies Press (U.S.)
=852  41$aBritish Library$bDSC$jm06/.22453
=852  41$aBritish Library$bHMNTS$jYK.2006.b.3207
=856  41$uhttp://darwin.nap.edu/books/0309092086/html/
=BUF  \\$aN$d20060515
=CAT  \\$aBATCH$b00$c20040831$lBLL01$h2008
=CAT  \\$c20040831$lBLL01$h2009
=CAT  \\$c20040831$lBLL01$h2014
=CAT  \\$a6923$b40$c20060515$lBLL01$h1107
=CAT  \\$aBATCH-BUOC$b00$c20060518$lBLL01$h2143
=CAT  \\$aBATCH-LDL$b00$c20061010$lBLL01$h0104
=CAT  \\$aWR16_021$c20160610$lBLL01$h1953
=CAT  \\$aW2308-1659$c20230923$lBLL01$h0908
=FIN  \\$aY$d20060515
=FMT  \\$a  BK
=LAS  \\$aW2308-1659$b00$c20230923$lBLL01$h0908

