=LDR  01703 am a2200433 a 4500
=001  013005384
=003  Uk
=005  20041215142757.0
=008  041105s2004\\\\dcuab\\\\b\\\\001\0\eng\d
=010  \\$a2004303803
=020  \\$a0309091683 (pbk.)
=020  \\$a0309530806 (pdf)
=035  \\$a(OCoLC)ocm56472741
=040  \\$aCaONFJC$beng$cCaONFJC$dUk
=042  \\$aukblsr
=050  04$aQC981.8.C5$bC566 2004
=082  04$a551.6$222
=245  00$aClimate data records from environmental satellites /$cCommittee on Climate Data Records from NOAA Operational Satellites, Board on Atmospheric Sciences and Climate, Division on Earth and Life Studies, National Research Council of the National Academies.
=260  \\$aWashington, D.C. :$bNational Academies Press,$cc2004.
=300  \\$axiv, 136 p. :$bill. (chiefly col.), maps (chiefly col.) ;$c26 cm.
=336  \\$atext$2rdacontent
=337  \\$aunmediated$2rdamedia
=338  \\$avolume$2rdacarrier
=504  \\$aIncludes bibliographical references (p. 103-104).
=650  \0$aClimatic changes.
=650  \0$aClimatology$xRemote sensing.
=650  \0$aArtificial satellites in earth sciences.
=710  2\$aNational Research Council (U.S.).$bCommittee on Climate Data Records from NOAA Operational Satellites.
=852  41$aBritish Library$bDSC$jm04/34142
=856  41$uhttp://www.nap.edu/books/0309091683/html/
=CAT  \\$aBATCH$b00$c20041004$lBLL01$h1017
=CAT  \\$c20041004$lBLL01$h1017
=CAT  \\$c20041004$lBLL01$h1018
=CAT  \\$a11250$b40$c20041215$lBLL01$h1426
=CAT  \\$a11250$b40$c20041215$lBLL01$h1427
=FIN  \\$aY$d20041215
=FMT  \\$a  BK
=LAS  \\$a11250$b40$c20041215$lBLL01$h1427
=SID  \\$aZ39$bLOC

