=LDR  02555 am a22005534a 4500
=001  013020236
=003  Uk
=005  20041230143524.0
=008  030806s2003\\\\dcua\\\\\b\\\\000\0\eng\\
=010  \\$a2003276167
=020  \\$a0309088747
=040  \\$aDLC$cDLC$dDLC
=042  \\$apcc
=043  \\$an-us---
=050  00$aHD7293$b.N39 2003
=082  00$a363.5/0285$222
=110  2\$aNational Research Council (U.S.).$bCommittee on Review of Geographic Information Systems Research and Applications at HUD: Current Programs and Future Prospects.
=245  10$aGIS for housing and urban development /$cCommittee on Review of Geographic Information Systems Research and Applications at HUD: Current Programs and Future Prospects, Committee on Geography, Board on Earth Sciences and Resources, Division on Earth and Life Sciences, National Research Council of the National Academies.
=260  \\$aWashington, D.C. :$bNational Academies Press,$cc2003.
=300  \\$axiv, 128 p. :$bill., maps (some col.) ;$c23 cm.
=336  \\$atext$2rdacontent
=337  \\$aunmediated$2rdamedia
=338  \\$avolume$2rdacarrier
=504  \\$aIncludes bibliographical references (p. 107-111).
=530  \\$aAlso available online.
=610  10$aUnited States.$bDepartment of Housing and Urban Development$xEvaluation.
=650  \0$aCities and towns$zUnited States$xGrowth$xData processing.
=650  \0$aGeographic information systems$zUnited States.
=650  \0$aHousing development$zUnited States$xData processing.
=650  \0$aHousing policy$zUnited States$xData processing.
=650  \0$aHousing$zUnited States$xData processing.
=690  7\$aSocial Welfare$2blcoll
=852  41$aBritish Library$bDSC$jm04/.40129
=856  41$uhttp://books.nap.edu/books/0309088747/html/
=906  \\$a7$bcbc$corignew$d2$encip$f20$gy-gencatlg
=925  0\$aacquire$b2 shelf copies$xpolicy default
=955  \\$apv11 2003-08-06 to ASCD$asf02 2003-10-27 trfd unprocessed to ASCD$ajg00 2004-01-05$ase00 2004-01-13$ise20 2004-01-14$ese20 2004-01-14; To Dewey$aaa05 2004-02-13
=985  \\$aProvisional Record
=985  \\$aRecord amended for WR# 13/070
=CAT  \\$a4861$b40$c20041021$lBLL01$h1633
=CAT  \\$a7732$b40$c20041230$lBLL01$h1435
=CAT  \\$aBATCH$b00$c20110625$lBLL01$h0510
=CAT  \\$aBATCH-SWP4$c20110627$lBLL01$h1552
=CAT  \\$aWR13_070$b00$c20130504$lBLL01$h0235
=CAT  \\$aWR13_070C$c20130611$lBLL01$h1851
=FIN  \\$aY$d20041230
=FMT  \\$a  BK
=LAS  \\$aWR13_070C$b00$c20130611$lBLL01$h1851
=SID  \\$aZ39$bLOC

