=LDR  01845 am a22004697a 4500
=001  013114090
=003  Uk
=005  20050302083732.0
=008  041115s2004\\\\dcua\\\\\b\\\f000\0\eng\d
=010  \\$a2004304422  
=020  \\$a0309092639$c{dollar}18.00
=020  \\$a0309092639 (book)
=020  \\$a0309533473 (pdf)
=035  \\$a(OCoLC)ocm56555053
=040  \\$aNSF$cNSF$dDLC$dCaONFJC
=042  \\$alccopycat
=043  \\$an-us---
=050  00$aSH328$b.I49 2004
=082  00$a333.95/6/0973$222
=245  00$aImproving the use of the "best scientific information available" standard in fisheries management /$cCommittee on Defining Best Scientific Information Available for Fisheries Management, Ocean Studies Board, Division on Earth and Life Studies, National Research Council of the National Academies.
=260  \\$aWashington, DC :$bNational Academies Press,$cc2004.
=300  \\$axii, 105 p. :$bill., map ;$c23 cm.
=336  \\$atext$2rdacontent
=337  \\$aunmediated$2rdamedia
=338  \\$avolume$2rdacarrier
=504  \\$aIncludes bibliographical references (p. 63-65).
=530  \\$aAlso available on the Internet.
=650  \0$aFisheries management$zUnited States.
=710  2\$aNational Research Council (U.S.).$bCommittee on Defining Best Scientific Information Available for Fisheries Management
=852  41$aBritish Library$bDSC$jm05/.15677
=856  \\$uhttp://www.nap.edu/books/0309092639/html/
=985  \\$aProvisional Record
=CAT  \\$aBATCH$b00$c20050216$lBLL01$h1633
=CAT  \\$c20050216$lBLL01$h1633
=CAT  \\$c20050216$lBLL01$h1637
=CAT  \\$a6160$b40$c20050302$lBLL01$h0836
=CAT  \\$a6160$b40$c20050302$lBLL01$h0837
=CAT  \\$aBATCH-UPD$b40$c20070319$lBLL01$h0419
=FIN  \\$aY$d20050302
=FMT  \\$a  BK
=LAS  \\$aBATCH-UPD$b40$c20070319$lBLL01$h0419
=SRC  \\$aBLL02

