=LDR  02254 am a22004817a 4500
=001  013120421
=003  Uk
=005  20050315105032.0
=008  041109s2004\\\\dcuab\\\\b\\\\000\0\eng\d
=010  \\$a2004303801  
=020  \\$a0309091829$c{dollar}28.50
=020  \\$a0309091829 (book)
=020  \\$a0309531284 (PDF)
=035  \\$a(OCoLC)ocm56792104
=040  \\$aFZU$cFZU$dDLC$dCaONFJC
=042  \\$alccopycat
=050  00$aTC423$b.A63 2004
=082  04$a363.6/1/0973 22
=245  00$aAnalytical methods and approaches for water resources project planning /$cPanel on Methods and Techniques of Project Analysis, Committee to Assess the U.S. Army Corps of Engineers Methods of Analysis and Peer Review for Water Resources Project Planning, Water Science and Technology Board, Ocean Studies Board, Division on Earth and Life Studies, National Academy of Sciences, the National Academies.
=260  \\$aWashington, DC :$bNational Academies Press,$c2004.
=300  \\$axiv, 151 p. :$bill., map ;$c23 cm.
=336  \\$atext$2rdacontent
=337  \\$aunmediated$2rdamedia
=338  \\$avolume$2rdacarrier
=504  \\$aIncludes bibliographical references (p. 119-126).
=530  \\$aAlso available online.
=536  \\$aSupport for this project was provided by the U.S. Army Corps of Engineers under$dDACW72-01-C-0001
=610  10$aUnited States.$bArmy.$bCorps of Engineers.
=650  \0$aWater resources development$zUnited States$xPlanning.
=650  \0$aWater resources development$xResearch$zUnited States.
=710  2\$aNational Research Council (U.S.).$bCommittee to Assess the U.S. Army Corps of Engineers Methods of Analysis and Peer Review for Water Resources Project Planning.$bPanel on Methods and Techniques of Project Analysis.
=852  41$aBritish Library$bDSC$jm05/.16929
=856  41$uhttp://www.nap.edu/books/0309091829/html/
=985  \\$aProvisional Record
=CAT  \\$aBATCH$b00$c20050224$lBLL01$h0928
=CAT  \\$c20050224$lBLL01$h0928
=CAT  \\$c20050224$lBLL01$h0929
=CAT  \\$a6160$b40$c20050315$lBLL01$h1050
=CAT  \\$aBATCH-UPD$b40$c20070222$lBLL01$h2143
=CAT  \\$aBATCH-UPD$b40$c20101110$lBLL01$h1726
=FIN  \\$aY$d20050315
=FMT  \\$a  BK
=LAS  \\$aBATCH-UPD$b40$c20101110$lBLL01$h1726

