=LDR  02418 am a22006017a 4500
=001  013133895
=003  Uk
=005  20050516113456.0
=008  031230s2003\\\\dcu\\\\\\b\\\\000\0\eng\d
=010  \\$a2003282263  
=020  \\$a0309089336 (book)
=020  \\$a0309511453 (PDF)
=035  \\$a(OCoLC)ocm52518227
=040  \\$aHWE$cHWE$dNTD$dVAM$dDLC
=042  \\$alccopycat
=050  00$aRJ506.P66$bL68 2003
=082  00$a016.61892/8521$222
=100  10$aLoughry, Maryanne.
=245  10$aPsychosocial concepts in humanitarian work with children :$ba review of the concepts and related literature /$cMaryanne Loughry and Carola Eyber ; Roundtable on the Demography of Forced Migration, Committee on Population, National Research Council of the National Academies, and Program on Forced Migration and Health at the Mailman School of Public Health, Columbia University.
=260  \\$aWashington, DC :$bNational Academies Press,$c2003.
=300  \\$axi, 130 p. ;$c23 cm.
=336  \\$atext$2rdacontent
=337  \\$aunmediated$2rdamedia
=338  \\$avolume$2rdacarrier
=504  \\$aIncludes bibliographical references (p. 23-28).
=530  \\$aAlso available online in HTML format at the NAP's website.
=650  \0$aPsychic trauma in children$vBibliography.
=650  \0$aRefugee children$xPsychology$vBibliography.
=650  \0$aChildren and war$xPsychological aspects$vBibliography.
=650  \0$aHumanitarian assistance$xPsychological aspects.
=650  \0$aHumanitarian assistance$xSocial aspects.
=650  \0$aSocial work with children.
=650  \2$aChild Psychology
=650  \2$aEmigration and Immigration
=650  \2$aMental Health
=650  \2$aWar
=650  \2$aRefugees$xpsychology
=650  \2$aWounds and Injuries
=650  \2$aStress
=650  \2$aSocial Work
=700  1\$aEyber, Carola.
=710  2\$aRoundtable on the Demography of Forced Migration.
=710  2\$aJoseph L. Mailman School of Public Health.$bProgram on Forced Migration and Health.
=852  41$aBritish Library$bDSC$jm05/.21840
=856  41$uhttp://books.nap.edu/books/0309089336/html/index.html
=985  \\$aProvisional Record
=CAT  \\$a7203$b40$c20050314$lBLL01$h0814
=CAT  \\$a7732$b40$c20050516$lBLL01$h1134
=CAT  \\$aBATCH-UPD$b40$c20141115$lBLL01$h1744
=FIN  \\$aY$d20050516
=FMT  \\$a  BK
=LAS  \\$aBATCH-UPD$b40$c20141115$lBLL01$h1744
=SRC  \\$aBLL02

