=LDR  01980 am a2200517 a 4500
=001  013201475
=003  Uk
=005  20070224091507.0
=008  041220s2005\\\\dcua\\\\\b\\\\000\0deng\d
=010  \\$a2004118026
=015  \\$aGBA715415$2bnb
=016  7\$a013201475$2Uk
=020  \\$a030909447X (cased) :$cNo price
=020  \\$a0309546648 (pdf file) :$cNo price
=035  \\$a(OCoLC)ocm58649823
=040  \\$aCaONFJC$cCaONFJC$dUk
=042  \\$aukblsr
=050  \4$aTD426$b.C661 2005
=082  04$a628.168$222
=245  00$aContaminants in the subsurface :$bsource zone assessment and remediation /$cCommittee on Source Removal of Contaminants in the Subsurface, Water Science and Technology Board, Division on Earth and Life Studies, National Research Council of the National Academies.
=260  \\$aWashington, DC :$bNational Academies Press,$c2005.
=300  \\$axii, 358 p. :$bill. ;$c24 cm.
=336  \\$atext$2rdacontent
=337  \\$aunmediated$2rdamedia
=338  \\$avolume$2rdacarrier
=504  \\$aIncludes bibliographical references.
=530  \\$aAvailable on the Internet. Viewed: 03/28/2005.
=650  \0$aGroundwater$xPollution.
=650  \0$aGroundwater flow.
=650  \0$aPollutants.
=710  2\$aNational Science Foundation (U.S.).$bCommittee on Source Removal of Contaminants in the Subsurface.
=852  41$aBritish Library$bHMNTS$jYK.2007.a.2859
=852  41$aBritish Library$bDSC$jm05/.24805
=856  41$uhttp://books.nap.edu/catalog/11146.html
=856  41$uhttp://www.nap.edu/books/030909447X/html/
=CAT  \\$aBATCH$b00$c20050518$lBLL01$h1400
=CAT  \\$c20050518$lBLL01$h1400
=CAT  \\$c20050518$lBLL01$h1403
=CAT  \\$a6605$b40$c20050614$lBLL01$h0851
=CAT  \\$a9666$b40$c20050615$lBLL01$h1127
=CAT  \\$a7143$b40$c20070224$lBLL01$h0915
=CAT  \\$aWR16_021$c20160611$lBLL01$h1959
=FIN  \\$aY$d20050615
=FMT  \\$a  BK
=LAS  \\$aWR16_021$b00$c20160611$lBLL01$h1959
=SID  \\$aZ39$bLOC

