=LDR  01839 am a22004815a 4500
=001  013271543
=003  Uk
=005  20050831135251.0
=008  050810s2005\\\\dcua\\\\\b\\\\000\0\eng\d
=010  \\$a2005299405
=020  \\$a0309096405$c{dollar}51.00
=020  \\$a0309549795 (PDF)
=035  \\$a(OCoLC)ocm61192508
=040  \\$aCaONFJC$cCaONFJC
=042  \\$alccopycat
=050  14$aTK5105.8835$b.S54 2005
=082  04$a004.678
=245  00$aSignposts in cyberspace :$bthe Domain Name System and internet navigation /$cCommittee on Internet Navigation and the Domain Name System : Technical Alternatives and Policy Implications ; Computer Science and Telecommunications Board, Division on Engineering and Physical Sciences, National Research Council of the National Academies.
=246  30$aDomain Name System and internet navigation
=246  30$aInternet navigation
=260  \\$aWashington, DC :$bNational Academies Press,$cc2005.
=260  \\$aWashington, D.C. :$bNational Academies Press,$cc2005.
=300  \\$axxiii, 391 p. :$bill. ;$c23 cm.
=336  \\$atext$2rdacontent
=337  \\$aunmediated$2rdamedia
=338  \\$avolume$2rdacarrier
=504  \\$aIncludes bibliographic references.
=530  \\$aAlso available online.
=650  \0$aInternet domain names.
=650  \0$aInternet addresses.
=650  \0$aComputer network protocols.
=710  2\$aNational Research Council (U.S.)
=852  41$aBritish Library$bDSC$jm05/.31255
=856  41$uhttp://www.nap.edu/books/0309096405/html/
=985  \\$aProvisional record - DSC
=CAT  \\$aBATCH-APP$b00$c20050811$lBLL01$h1134
=CAT  \\$c20050811$lBLL01$h1135
=CAT  \\$c20050811$lBLL01$h1138
=CAT  \\$a9657$b40$c20050831$lBLL01$h1352
=FIN  \\$aY$d20050831
=FMT  \\$a  BK
=LAS  \\$a9657$b40$c20050831$lBLL01$h1352
=SID  \\$aZ39$bLOC

