=LDR  01935 am a22004457a 4500
=001  013333874
=003  Uk
=005  20060105104842.0
=008  050906s2005\\\\dcua\\\\\bs\\\100\0\eng\c
=010  \\$a  2005281846
=020  \\$a0309094429 (pbk.)
=035  \\$a(OCoLC)ocm60551493
=040  \\$aNLM$beng$cNLM$dCGU$dHKP$dDLC$dUk
=050  00$aRA566.4.T4$bR68 2005
=111  2\$aRoundtable on Environmental Health Sciences, Research, and Medicine$d(2004 :$cWashington, D.C.)
=245  10$aRebuilding the unity of health and the environment :$bthe greater Houston metropolitan area : workshop summary /$cLovell Jones, John Porretto, and Christine M. Coussens, editors ; Roundtable on Environmental Health Sciences, Research, and Medicine ; Board on Health Sciences Policy, Institute of Medicine of the National Academies.
=260  \\$aWashington, D.C. :$bNational Academies Press,$cc2005.
=300  \\$axiv, 71 p. :$bill. ;$c23 cm.
=336  \\$atext$2rdacontent
=337  \\$aunmediated$2rdamedia
=338  \\$avolume$2rdacarrier
=591  \\$aReports and programme.
=653  1\$aHealth
=653  1\$aEnvironmental health sciences
=653  2\$aEnvironment
=653  2\$aHouston
=700  1\$aJones, Lovell A.
=700  1\$aPorretto, John.
=700  1\$aCoussens, Christine.
=710  2\$aInstitute of Medicine (U.S.).$bRoundtable on Environmental Health Sciences, Research, and Medicine.
=710  2\$aInstitute of Medicine (U.S.).$bBoard on Health Sciences Policy.
=852  41$aBritish Library$bDSC$jm06/.10153
=856  4\$uhttp://www.nap.edu/books/030907259X/html
=CAT  \\$a4861$b40$c20051109$lBLL01$h1626
=CAT  \\$a6933$b40$c20060105$lBLL01$h1048
=CNF  \\$aRebuilding the unity of health and the environment: the greater Houston metropolitan area (Workshop)$d(2004 Jan :$cWashington, DC)
=FIN  \\$aY$d20060105
=FMT  \\$a  BK
=LAS  \\$a6933$b40$c20060105$lBLL01$h1048
=SRC  \\$aBLL02

