=LDR  01820 am a22004097a 4500
=001  013334080
=003  Uk
=005  20060106091158.0
=008  051028s2005\\\\dcua\\\\\b\\\\000\0\eng\\
=020  \\$a0309097002
=040  \\$aEJB$beng$cEJB$dUk
=043  \\$an-us---
=245  00$aToxicogenomic technologies and risk assessment of environmental carcinogens :$ba workshop summary /$cCommittee on How Toxicogenomics Could Inform Critical Issues in Carcinogenic Risk Assessment of Environmental Chemicals, Committee on Emerging Issues and Data on Environmental Contaminants, Board on Life Sciences, Division on Earth and Life Studies, National Research Council.
=260  \\$aWashington, DC :$bNational Academies Press,$cc2005.
=300  \\$axi,54 p. :$bill. ;$c24 cm.
=336  \\$atext$2rdacontent
=337  \\$aunmediated$2rdamedia
=338  \\$avolume$2rdacarrier
=504  \\$aIncludes bibliographical references (p. 43-47).
=530  \\$aAlso available on the Internet. Viewed: 10/28/2005.
=591  \\$aSummary.
=650  \0$aCarcinogens.
=650  \0$aHealth risk assessment.
=650  \0$aCarcinogenesis.
=653  1\$aToxicogenomic technologies
=653  1\$aEnvironmental carcinogens
=710  2\$aNational Research Council (U.S.).$bBoard on Life Sciences.
=710  2\$aNational Research Council (U.S.).$bCommittee on Emerging Issues and Data on Environmental Contaminants.
=852  41$aBritish Library$bDSC$jm06/.10268
=856  40$uhttp://books.nap.edu/catalog/11335.html
=CAT  \\$a7203$b40$c20051110$lBLL01$h1034
=CAT  \\$a8962$b40$c20060106$lBLL01$h0911
=CNF  \\$aToxicogenomic technologies and risk assessment of environmental carcinogens (Conference :$d2003 Dec )
=FIN  \\$aY$d20060106
=FMT  \\$a  BK
=LAS  \\$a8962$b40$c20060106$lBLL01$h0911
=SID  \\$aZ39$bOCLC

