=LDR  01909 am a2200445 a 4500
=001  013345349
=003  Uk
=005  20060626141932.0
=006  m\\\\\\\\d\\\\\\\\
=007  cr||||||||||||
=008  050324s1999\\\\dcu||||\r||||\000\0\eng\d
=020  \\$a0309575346 (electronic bk.)
=040  \\$aN{dollar}T$beng$cN{dollar}T$dUk
=042  \\$aukblsr
=082  14$a338.97306$222
=245  00$aConcerning federally sponsored inducement prizes in engineering and science :$breport of the Steering Committee for the Workshop to Assess the Potential for Promoting Technological Advance Through Government-Sponsored Prizes and Contests, 30 April 1999, Washington, D.C.
=260  \\$a[Washington] :$bNational Academy of Engineering,$c1999.
=336  \\$atext$2rdacontent
=337  \\$acomputer$2rdamedia
=338  \\$aonline resource$2rdacarrier
=500  \\$aTitle from ebook title screen (viewed on Mar. 23, 2005.)
=516  \\$aText (HTML)
=533  \\$aPrintout.$b[London :$cBritish Library,$d2006]$e[54] leaves ; 30 cm.
=538  \\$aMode of access: World Wide Web.
=538  \\$aSystem requirements: Internet browser software.
=650  \0$aTechnology$xAwards$zUnited States.
=650  \0$aScience$xAwards$zUnited States.
=650  \0$aIncentive awards$zUnited States.
=690  7\$aManagement and Business Studies$2blcoll
=710  2\$aNational Academy of Engineering.$bSteering Committee for the Workshop to Assess the Potential for Promoting Technological Advance Through Government-Sponsored Prizes and Contests.
=710  2\$aNetLibrary, Inc.
=852  41$aBritish Library$bDSC$jm06/.25987
=856  40$uhttp://www.nap.edu/books/NI000221/html/
=CAT  \\$a4861$b40$c20051124$lBLL01$h1416
=CAT  \\$a8141$b40$c20060626$lBLL01$h1419
=CAT  \\$aBATCH$b00$c20090624$lBLL01$h1707
=FIN  \\$aY$d20060626
=FMT  \\$a  BK
=LAS  \\$aBATCH$b00$c20090624$lBLL01$h1707
=SID  \\$aZ39$bOCLC

