=LDR  02154 am a2200517z  4500
=001  013417018
=003  Uk
=005  20060407165356.0
=008  050907s2006\\\\dcua\\\\\b\\\\000\0\eng\d
=010  \\$a  2005933483
=020  \\$a0309096413 (pbk.) :$cNo price
=020  \\$a0309549825 (PDF) :$cNo price
=035  \\$a(CStRLIN)PASGA2996636-B
=035  \\$a(PSt) (Sirsi) a2996636
=040  \\$aOrLoB$cOrLoB
=042  \\$alccopycat
=050  00$aUC713$b.N75 2005
=082  04$a355
=245  00$aNutrient composition of rations for short-term, high-intensity combat operations /$cCommittee on Optimization of Nutrient Composition of Military Rations for Short-Term, High-Stress Situations, Committee on Military Nutrition Research, Food and Nutrition Board.
=260  \\$aWashington, D.C. :$bNational Academies Press,$cc2006.
=300  \\$axv, 446 p. :$bill. ;$c23 cm.
=336  \\$atext$2rdacontent
=337  \\$aunmediated$2rdamedia
=338  \\$avolume$2rdacarrier
=504  \\$aIncludes bibliographical references.
=530  \\$aAlso available via the World Wide Web.
=538  \\$aSystem requirements: Adobe Acrobat Reader.
=650  \0$aOperational rations (Military supplies)$zUnited States.
=650  \0$aNutrition$zUnited States$xRequirements.
=650  12$aNutritional Requirements$zUnited States.
=650  22$aMilitary Personnel$zUnited States.
=710  2\$aInstitute of Medicine (U.S.).$bCommittee on Optimization of Nutrient Composition of Military Rations for Short-Term, High-Stress Situations.
=710  2\$aInstitute of Medicine (U.S.).$bCommittee on Military Nutrition Research.
=852  41$aBritish Library$bDSC$jm06/.20723
=856  41$uhttp://www.nap.edu/books/0309096413/html/
=985  \\$aProvisional record - DSC
=CAT  \\$aBATCH-APP$b00$c20060302$lBLL01$h1002
=CAT  \\$c20060302$lBLL01$h1002
=CAT  \\$c20060302$lBLL01$h1007
=CAT  \\$a5375$b40$c20060407$lBLL01$h1653
=CAT  \\$aBATCH-UPD$b40$c20070111$lBLL01$h1242
=CAT  \\$aBATCH-UPD$b40$c20110214$lBLL01$h0416
=FIN  \\$aY$d20060407
=FMT  \\$a  BK
=LAS  \\$aBATCH-UPD$b40$c20110214$lBLL01$h0416
=SRC  \\$aBLL02

