=LDR  01830 am a2200469z  4500
=001  013513877
=003  Uk
=005  20060830161622.0
=008  060104s2006\\\\dcuab\\\\b\\\\000\0\eng\d
=010  \\$a  2006920074
=020  \\$a0309100542 (pbk.)
=035  \\$a(OCoLC)ocm66273119
=040  \\$aUPM$cUPM$dDLC
=042  \\$alccopycat
=050  00$aQH76.5.L8$bD73 2006
=082  \\$a508
=245  00$aDrawing Louisiana's new map :$baddressing land loss in coastal Louisiana /$cCommittee on the Restoration and Protection of Coastal Louisiana, Ocean Studies Board, Division on Earth and Life Studies, National Research Council of the National Academies.
=260  \\$aWashington, D.C. :$bNational Academies Press,$cc2006.
=300  \\$axiii, 190 p. :$bill., maps ;$c23 cm.
=336  \\$atext$2rdacontent
=337  \\$aunmediated$2rdamedia
=338  \\$avolume$2rdacarrier
=504  \\$aIncludes bibliographical references (p. 177-184).
=530  \\$aAlso available online.
=650  \0$aWetland restoration$zLouisiana.
=650  \0$aCoastal zone management$zLouisiana.
=650  \0$aCoast changes$zLouisiana.
=650  \0$aEndangered ecosystems$zLouisiana.
=650  \0$aRestoration ecology$zLouisiana.
=710  2\$aNational Research Council (U.S.).$bCommittee on the Restoration and Protection of Coastal Louisiana.
=710  2\$aNational Academies Press (U.S.)
=852  41$aBritish Library$bDSC$jm06/.31689
=856  41$uhttp://darwin.nap.edu/books/0309100542/html/
=985  \\$aProvisional record - DSC
=CAT  \\$aBATCH-APP$b00$c20060720$lBLL01$h1033
=CAT  \\$aBATCH$b00$c20060720$lBLL01$h1033
=CAT  \\$aBATCH$b00$c20060720$lBLL01$h1037
=CAT  \\$a6632$b40$c20060830$lBLL01$h1616
=FIN  \\$aY$d20060830
=FMT  \\$a  BK
=LAS  \\$a6632$b40$c20060830$lBLL01$h1616
=SRC  \\$aBLL02

