=LDR  02342 am a2200481 a 4500
=001  013525458
=003  Uk
=005  20061012213619.0
=008  060626s2006\\\\dcua\\\\\b\\\\000\0\eng\d
=010  \\$a  2006278573
=020  \\$a0309097045
=035  \\$a(OCoLC)ocm64403451
=040  \\$aEJB$cEJB$dNTD$dUPM$dIXA$dBAKER$dGZM$dDLC$dUk
=042  \\$aukblsr
=050  00$aQH315$b.B5855 2006
=082  00$a660.60947$222
=245  00$aBiological science and biotechnology in Russia :$bcontrolling diseases and enhancing security /$cCommittee on Future Contributions of the Biosciences to Public Health, Agriculture, Basic Research, Counterterrorism, and Nonproliferation Activities in Russia; Office for Central Europe and Eurasia; Development, Security, and Cooperation, Policy and Global Affairs ; National Research Council of the National Academies in cooperation with the Russian Academy of Sciences.
=260  \\$aWashington, D.C. :$bNational Academies Press,$cc2006.
=300  \\$ax, 146 p. :$bill. ;$c23 cm.
=336  \\$atext$2rdacontent
=337  \\$aunmediated$2rdamedia
=338  \\$avolume$2rdacarrier
=500  \\$a"In cooperation with the Russian Academy of Sciences."
=504  \\$aIncludes bibliographical references (p. 145-146).
=530  \\$aAlso available via the World Wide Web. Viewed: 03/01/2006.
=650  \0$aBiotechnology$xResearch$zRussia (Federation)
=650  \0$aBioterrorism$zRussia (Federation)$xPrevention.
=710  2\$aNational Research Council (U.S.).$bCommittee on Future Contributions of the Biosciences to Public Health, Agriculture, Basic Research, Counterterrorism, and Nonproliferation Activities in Russia.
=710  2\$aNational Research Council (U.S.).$bOffice for Central Europe and Eurasia.
=710  2\$aRossiĭskai︠a︡ akademii︠a︡ nauk.
=710  2\$aInstitute of Medicine (U.S.)
=710  2\$aNational Academies Press (U.S.)
=852  41$aBritish Library$bDSC$jm06/.33504
=856  41$uhttp://www.nap.edu/books/0309097045/html/
=BUF  \\$aN2$d20060927
=CAT  \\$a4861$b40$c20060807$lBLL01$h0847
=CAT  \\$a9657$b40$c20060927$lBLL01$h1038
=CAT  \\$aBATCH-BUOC$b00$c20061012$lBLL01$h2136
=CAT  \\$aBATCH-UPD$b00$c20071020$lBLL01$h0802
=FIN  \\$aY$d20060927
=FMT  \\$a  BK
=LAS  \\$aBATCH-UPD$b00$c20071020$lBLL01$h0802
=SRC  \\$aBLL02

