=LDR  03018 am a2200625 a 4500
=001  010338783
=003  Uk
=005  20091122142900.0
=008  030818s2002\\\\enk\\\\||b\\\\001\||eng\\
=010  \\$a2002006487
=015  \\$aGBA344198$2bnb
=019  y\$abA344198
=019  9\$a0309074401
=019  g\$aadv5004016267
=019  a\$aG07687212
=020  \\$a0309074401 (cased) :$cNo price
=039  0\$a2755
=040  \\$aDLC$cDLC$dUk
=043  \\$an-us---
=050  00$aQA13
=082  04$a507.1073$221
=245  00$aLearning and understanding :$bimproving advanced study of mathematics and science in U.S. high schools /$cCommittee on Programs for Advanced Study of Mathematics and Science in American High Schools ; Jerry P. Gollub ... [et al.], editors.
=260  \\$aWashington, DC ;$a[Great Britain] :$bNational Academy Press,$cc2002.
=300  \\$axxii, 272 p. ;$c26 cm.
=336  \\$atext$2rdacontent
=337  \\$aunmediated$2rdamedia
=338  \\$avolume$2rdacarrier
=504  \\$aIncludes bibliographical references (p. 206-227) and index.
=530  \\$aAlso available via the World Wide Web.
=590  \\$a"Center for Education, Division of Behavioral and Social Sciences and Education, National Research Council."
=598  \\$aPROV.RECORD
=650  \0$aMathematics$xStudy and teaching (Secondary)$zUnited States.
=650  \0$aScience$xStudy and teaching (Secondary)$zUnited States.
=650  \0$aAdvanced placement programs (Education)
=700  1\$aGollub, J. P.,$d1944-
=710  2\$aNational Research Council (U.S.).$bCenter for Education.
=710  2\$aNational Research Council (U.S.).$bCommittee on Programs for Advanced Study of Mathematics and Science in American High Schools.
=852  41$aBritish Library$bDSC$jm02/37097
=856  41$uhttp://www.nap.edu/catalog/10129.html
=886  2\$2ukmarc$a900$b10$aGollub$hJerry P.$c1944-$xSee$aGollub, J. P.,$x1944-$z700
=886  2\$2ukmarc$a910$b20$aCFE$xSee$aNational Research Council$x(U.S.). Center for Education$z710
=886  2\$2ukmarc$a910$b20$aNational Research Council$eU.S.$cDivision of Behavioral and Social Sciences and Education$cCenter for Education$xSee$aNational Research Council$x(U.S.). Center for Education$z710
=886  2\$2ukmarc$a910$b20$aNational Research Council$eU.S.$cCenter for Education$cCommittee on Programs for Advanced Study of Mathematics and Science in American High Schools$xSee$aNational Research Council$x(U.S.). Committee on Programs for Advanced Study of Mathematics and Science in American High Schools$z710/1
=886  2\$2blmarc$a010$b00$a2002006487
=CAT  \\$aCONV$b00$c20040425$lBLL90$h0533
=CAT  \\$aCONV$b00$c20040502$lBLL01$h1357
=CAT  \\$aglobal_upd$b40$c20060417$lBLL01$h1020
=CAT  \\$aBATCH$b00$c20091122$lBLL01$h1429
=FIN  \\$aY
=FMT  \\$a  BK
=LAS  \\$aBATCH$b00$c20091122$lBLL01$h1429
=LEO  \\$aMP5.0000116723
=LEO  \\$aMP8.0001818975
=SRC  \\$aBNB03$bbibmp5.200404.2.aa
=SRC  \\$aDSC01$bbibmp8.200404.2.ac

