=LDR  02846pam a2200745 u 4500
=001  010338818
=003  Uk
=005  20051014121849.0
=007  cr\|||||||||||
=008  030813s2003\\\\dcuab\\\\b\\\\100\0\eng\d
=010  \\$a2003093146
=015  \\$aGBA4Z5524$2bnb
=019  y\$abA4Z5524
=019  9\$a0309087279
=019  g\$aadv5004884137
=019  a\$aG07945482
=020  \\$a0309087279 (pbk) :$c£27.95
=020  \\$a0309512298 (PDF)
=035  \\$a(OCoLC)ocm52740227
=039  0\$a2775
=040  \\$aStDuBDS$dUk
=042  \\$aukblsr
=043  \\$ar------$at------
=050  00$aQH95.56$b.F76 2003
=082  00$a577.586$222
=245  00$aFrontiers in polar biology in the genomic era /$cCommittee on Frontiers in Polar Biology, Polar Research Board, National Research Council of the National Academies.
=260  \\$aWashington, D.C. :$bNational Academies Press ;$a[Oxford :$bOxford Publicity Partnership],$c2003.
=260  \\$aWashington, D.C. :$bNational Academies Press,$cc2003.
=300  \\$axii, 166 p., [8] p. of plates :$bill. (some col.), maps (some col.) ;$c23 cm.
=336  \\$atext$2rdacontent
=337  \\$acomputer$2rdamedia
=338  \\$aonline resource$2rdacarrier
=500  \\$aIssued in conjunction with the Workshop on Frontiers in Polar Biology, held Sept. 9-10, 2002, in Tahoe City, Calif
=500  \\$aFormerly CIP.$5Uk
=504  \\$aIncludes bibliographic references.
=504  \\$aIncludes bibliographical references (p. 133-155).
=530  \\$aAlso available electronically via World Wide Web.
=650  \0$aMarine biology$zPolar regions$vCongresses.
=650  \0$aMarine biology$zArctic regions$vCongresses.
=650  \0$aBiology$zPolar regions$vCongresses.
=650  \0$aBiology$zArctic regions$vCongresses.
=650  \0$aGenomes$vCongresses.
=710  2\$aNational Research Council (U.S.).$bCommittee on Frontiers in Polar Biology.
=711  2\$aWorkshop on Frontiers in Polar Biology$d(2002 :$cTahoe City, Calif.)
=852  41$aBritish Library$bHMNTS$jYC.2005.a.10341
=852  41$aBritish Library$bDSC$jm03/36434
=856  41$uhttp://www.nap.edu/books/0309087279/html/
=957  \\$r3/3/04$tM/37743-25
=CAT  \\$aCONV$b00$c20040425$lBLL90$h0533
=CAT  \\$aCONV$b00$c20040502$lBLL01$h1357
=CAT  \\$a5004$b40$c20051012$lBLL01$h1134
=CAT  \\$a5004$b40$c20051012$lBLL01$h1136
=CAT  \\$a8982$b40$c20051014$lBLL01$h1218
=CAT  \\$aglobal_upd$b40$c20060417$lBLL01$h1020
=CAT  \\$aBATCH$b00$c20091210$lBLL01$h0112
=FIN  \\$aY$d20051014
=FMT  \\$a  BK
=LAS  \\$aBATCH$b00$c20091210$lBLL01$h0112
=LDO  \\$aCIP$bpbk
=LEO  \\$aMP8.0001892616
=LEO  \\$aMP5.0000116840
=SRC  \\$aDSC01$bbibmp8.200404.2.ac
=SRC  \\$aLDS01$bbiblm.200404.2.aa
=SRC  \\$aBNB03$bbibmp5.200404.2.aa
=SRC  \\$aBLL02

