=LDR  02469 am a2200625ua 4500
=001  009399571
=003  Uk
=005  20091122111000.0
=008  040120s2001\\\\enka\\\||b\\\\000\||eng\\
=010  \\$a2002277341
=015  \\$aGBA376785$2bnb
=019  y\$abA376785
=019  9\$a0309076366
=019  g\$aadv5003507488
=019  a\$aG07550709
=019  1\$a0309076366
=020  \\$a0309076366 (pbk.) :$cNo price
=039  0\$a2777
=040  \\$aUUE$cUUE$dUk
=082  04$a614.593$222
=245  00$aImmunization safety review :$bthimerosal-containing vaccines and neurodevelopmental disorders /$cKathleen Stratton, Alicia Gable, and Marie C. McCormick, editors ; Immunization Safety Review Committee, Board on Health Promotion and Disease Prevention, Institute of Medicine.
=260  \\$aWashington, D.C. ;$a[Great Britain] :$bNational Academy Press,$cc2001.
=300  \\$axiii, 122 p. :$bill. ;$c23 cm.
=336  \\$atext$2rdacontent
=337  \\$aunmediated$2rdamedia
=338  \\$avolume$2rdacarrier
=490  1\$aThe Compass series
=504  \\$aIncludes bibliographical references.
=530  \\$aAlso available via the World Wide Web.
=650  \0$aVaccination$xComplications.
=650  \0$aDevelopmental disabilities$xEtiology.
=650  \0$aOrganomercury compounds$xToxicology.
=700  1\$aStratton, Kathleen R.
=700  1\$aGable, Alicia.
=700  1\$aMcCormick, Marie C.
=710  2\$aInstitute of Medicine (U.S.).$bImmunization Safety Review Committee.
=830  \0$aCompass series (Washington, D.C.)
=852  41$aBritish Library$bDSC$jm02/18144
=852  41$aBritish Library$bHMNTS$jYC.2003.a.17653
=856  41$uhttp://www.nap.edu/books/03090763366/html/index.html
=886  2\$2ukmarc$a910$b20$aInstitute of Medicine$eU.S.$cBoard on Health Promotion and Disease Prevention$cImmunization Safety Review Committee$xSee$aInstitute of Medicine$x(U.S.). Immunization Safety Review Committee$z710
=966  \\$lACQUIS 11/03/2002
=CAT  \\$aCONV$b00$c20040425$lBLL90$h0802
=CAT  \\$aCONV$b00$c20040502$lBLL01$h1324
=CAT  \\$aglobal_upd$b40$c20060417$lBLL01$h0811
=CAT  \\$aBATCH$b00$c20091122$lBLL01$h1110
=FIN  \\$aY
=FMT  \\$a  BK
=LAS  \\$aBATCH$b00$c20091122$lBLL01$h1110
=LEO  \\$aMP5.0000116750
=LEO  \\$aMP8.0001776249
=LEO  \\$aMP13.0001520749
=SRC  \\$aBNB03$bbibmp5.200404.2.aa
=SRC  \\$aDSC01$bbibmp8.200404.2.ac
=SRC  \\$aHSS01$bbibmp13.200404.2.ac

