=LDR  02342 am a2200625ua 4500
=001  009399617
=003  Uk
=005  20091122111000.0
=008  040120s2002\\\\enka\\\||b\\\\000\||eng\\
=010  \\$a2003544621
=015  \\$aGBA376793$2bnb
=019  y\$abA376793
=019  9\$a0309084695
=019  g\$aadv5004279357
=019  a\$aG07749133
=019  1\$a0309084695
=020  \\$a0309084695 (pbk.) :$cNo price
=039  0\$a2777
=040  \\$aNLM$cNLM$dUk
=082  04$a614.593$222
=245  00$aImmunization safety review :$bhepatitis B vaccine and demyelinating neurological disorders /$cKathleen Stratton, Donna A. Almario, and Marie C. McCormick, editors.
=260  \\$aWashington, D.C. ;$a[Great Britain] :$bNational Academies Press,$cc2002.
=300  \\$axiii, 106 p. :$bill. ;$c23 cm.
=336  \\$atext$2rdacontent
=337  \\$aunmediated$2rdamedia
=338  \\$avolume$2rdacarrier
=504  \\$aIncludes bibliographical references (p. 85-90)
=530  \\$aAlso available via the Internet.
=650  \0$aHepatitis B$xVaccination.
=650  \0$aHepatitis B vaccine.
=650  \0$aDemyelination$xVaccination.
=650  \0$aImmunization$xComplications.
=650  \0$aVaccination$xComplications.
=700  1\$aStratton, Kathleen R.
=700  1\$aAlmario, Donna A.
=700  1\$aMcCormick, Marie C.
=710  2\$aInstitute of Medicine (U.S.).$bImmunization Safety Review Committee.
=852  41$aBritish Library$bDSC$jm03/10963
=852  41$aBritish Library$bHMNTS$jYC.2003.a.17654
=856  41$uhttp://www.nap.edu/books/0309084695/html/index.html
=886  2\$2ukmarc$a910$b20$aInstitute of Medicine$eU.S.$cBoard on Health Promotion and Disease Prevention$cImmunization Safety Review Committee$xSee$aInstitute of Medicine$x(U.S.). Immunization Safety Review Committee$z710
=966  \\$lACQUIS 13/01/2003
=CAT  \\$aCONV$b00$c20040425$lBLL90$h0802
=CAT  \\$aCONV$b00$c20040502$lBLL01$h1324
=CAT  \\$aglobal_upd$b40$c20060417$lBLL01$h0811
=CAT  \\$aBATCH$b00$c20091122$lBLL01$h1110
=FIN  \\$aY
=FMT  \\$a  BK
=LAS  \\$aBATCH$b00$c20091122$lBLL01$h1110
=LEO  \\$aMP5.0000116810
=LEO  \\$aMP8.0001837222
=LEO  \\$aMP13.0001520796
=SRC  \\$aBNB03$bbibmp5.200404.2.aa
=SRC  \\$aDSC01$bbibmp8.200404.2.ac
=SRC  \\$aHSS01$bbibmp13.200404.2.ac

