=LDR  02028 am a22005053u 4500
=001  007835442
=003  Uk
=005  20091208025200.0
=008  031215s2003\\\\xxu\\\\||b\\\\000\||eng\|
=019  g\$aadv5005099956
=019  a\$aG07953255
=020  \\$a0309085144
=040  \\$aNRZ$cNRZ$dNTD$dDLC$dUk
=043  \\$an-us-ak
=050  00$aTD427.P4
=110  2\$aNational Research Council (U.S.).$bCommittee to Review the Oil Spill Recovery Institute's Research Program.
=245  14$aThe Oil Spill Recovery Institute :$bpast, present, and future directions /$cCommittee to Review the Oil Spill Recovery Institute's Research Program, Polar Research Board, Ocean Studies Board, National Research Council of the National Academies.
=260  \\$aWashington, DC :$bNational Academies Press,$cc2003.
=300  \\$axiii, 165 p. ;$c23 cm.
=336  \\$atext$2rdacontent
=337  \\$aunmediated$2rdamedia
=338  \\$avolume$2rdacarrier
=504  \\$aIncludes bibliographical references.
=530  \\$aAlso avialable online.
=598  \\$aPROV.RECORD
=610  24$aPrince William Sound Oil Spill Recovery Institute.
=650  \0$aOil pollution of the sea$xResearch.
=650  \0$aOil spills$xResearch$zAlaska$zPrince William Sound.
=650  \0$aOil pollution of water$xResearch.
=710  2\$aPrince William Sound Oil Spill Recovery Institute.
=710  2\$aNational Research Council (U.S.).$bPolar Research Board.
=710  2\$aNational Research Council (U.S.).$bOcean Studies Board.
=852  41$aBritish Library$bDSC$jm03/41345
=856  41$uhttp://www.nap.edu/books/catalog/10643.html
=886  2\$2blmarc$a010$b00$a2003545048
=966  \\$lACQUIS 05/12/2003
=CAT  \\$aCONV$b00$c20040425$lBLL90$h0655
=CAT  \\$aCONV$b00$c20040502$lBLL01$h1233
=CAT  \\$aglobal_upd$b40$c20060417$lBLL01$h0521
=CAT  \\$aBATCH$b00$c20091208$lBLL01$h0252
=FIN  \\$aY
=FMT  \\$a  BK
=LAS  \\$aBATCH$b00$c20091208$lBLL01$h0252
=LEO  \\$aMP8.0001894507
=SRC  \\$aDSC01$bbibmp8.200404.2.ac

