=LDR  01867 am a22004933u 4500
=001  006604840
=003  Uk
=005  20091207020500.0
=008  020514s2002\\\\xxua\\\||b\\\\100\||eng\\
=019  a\$aG07584581
=020  \\$a0309082536 (pbk)
=040  \\$aDLC$cDLC$dDLC$dUk
=050  00$aRC88.9.T47
=082  04$a363.3/2$221
=245  00$aBiological threats and terrorism :$bassessing the science and response capabilities : workshop summary /$cStacey L. Knobler, Adel A.F. Mahmoud, and Leslie A. Pray, editors.
=260  \\$aWashington, DC :$bNational Academy Press,$c2002.
=300  \\$axvi, 317 p. :$bill. ;$c23 cm.
=336  \\$atext$2rdacontent
=337  \\$aunmediated$2rdamedia
=338  \\$avolume$2rdacarrier
=504  \\$aIncludes bibliographical references.
=530  \\$aAlso available via the World Wide Web.
=591  \\$aPapers. "Based on a workshop of the Forum on Emerging Infections, Board on Global Health, Institute of Medicine.".
=650  \0$aBioterrorism$vCongresses.
=653  \\$abiological threats
=653  \\$aterrorism
=653  \\$aemerging infections
=700  1\$aKnobler, Stacey.
=700  1\$aMahmoud, Adel A. F.
=700  1\$aPray, Leslie A.
=710  2\$aInstitute of Medicine (U.S.).$bForum on Emerging Infections.
=852  41$aBritish Library$bDSC$jm02/24580
=856  41$uhttp://www.nap.edu
=886  2\$2blmarc$a010$b00$a2002101411
=CAT  \\$aCONV$b00$c20040502$lBLL01$h1145
=CAT  \\$aglobal_upd$b40$c20060416$lBLL01$h0219
=CAT  \\$aBATCH-UPD$b40$c20070310$lBLL01$h0115
=CAT  \\$aBATCH$b00$c20091207$lBLL01$h0205
=CNF  \\$aBiological threats and terrorism; assessing the science and response capabilities (Workshop)$d(2001 Nov)
=FIN  \\$aY
=FMT  \\$a  BK
=LAS  \\$aBATCH$b00$c20091207$lBLL01$h0205
=LEO  \\$aMP8.0001787934
=SRC  \\$aDSC01$bbibmp8.200404.2.ac

