=LDR  02050 am a22005293u 4500
=001  007152368
=003  Uk
=005  20110625033600.0
=008  030704s2003\\\\xxua\\\||\\\\\000\||eng\\
=010  \\$a2003266463
=019  g\$aadv5004605343
=019  a\$aG07843906
=020  \\$a0309085438 (pbk.)
=040  \\$aDLC$cDLC$dUk
=082  04$a362.10973$221
=110  2\$aInstitute of Medicine (U.S.).$bCommittee on Identifying Priority Areas for Quality Improvement.
=245  10$aPriority areas for national action :$btransforming health care quality /$cKaren Adams and Janet M. Corrigan, editors ; Committee on Identifying Priority Areas for Quality Improvement, Board on Health Care Services, Institute of Medicine of the National Academies.
=260  \\$aWashington, D.C. :$bNational Academies Press,$cc2003.
=300  \\$axvi, 143 p. :$bill. ;$c28 cm.
=336  \\$atext$2rdacontent
=337  \\$aunmediated$2rdamedia
=338  \\$avolume$2rdacarrier
=490  0\$aQuality chasm series
=504  \\$aIncludes bibliographical references.
=530  \\$aAlso available via the Internet.
=650  \0$aMedical care$zUnited States$xQuality control.
=650  \0$aMedical care$zUnited States$xEvaluation.
=650  \0$aHealth planning$zUnited States.
=650  \0$aHealth surveys$zUnited States.
=690  7\$aSocial Welfare$2blcoll
=700  1\$aAdams, Karen M.
=700  1\$aCorrigan, Janet.
=852  41$aBritish Library$bDSC$jm03/27004
=856  00$uhttp://books.nap.edu/books/0309085438/html/index.html
=966  \\$lACQUIS 24/06/2003
=CAT  \\$aCONV$b00$c20040425$lBLL90$h0654
=CAT  \\$aCONV$b00$c20040502$lBLL01$h1211
=CAT  \\$aglobal_upd$b40$c20060417$lBLL01$h0352
=CAT  \\$aBATCH$b00$c20091207$lBLL01$h0401
=CAT  \\$aBATCH$b00$c20091214$lBLL01$h0203
=CAT  \\$aBATCH$b00$c20100103$lBLL01$h1055
=CAT  \\$aBATCH$b00$c20110625$lBLL01$h0336
=FIN  \\$aY
=FMT  \\$a  BK
=LAS  \\$aBATCH$b00$c20110625$lBLL01$h0336
=LEO  \\$aMP8.0001863985
=SRC  \\$aDSC01$bbibmp8.200404.2.ac

