=LDR  03008 am a22004817a 4500
=001  016249250
=003  Uk
=005  20130123143642.0
=008  120911s2012\\\\dcua\\\\\b\\\\000\0\eng\d
=010  \\$a  2012949228
=020  \\$a9780309264686
=020  \\$a0309264685
=035  \\$a(OCoLC)ocn811963297
=040  \\$aYDXCP$cYDXCP$dNRZ$dOCLCO$dAAA$dDLC$dUk
=042  \\$aukblderived
=050  00$aRA566.27$b.N375 2012
=082  00$a362.1$223
=110  2\$aNational Research Council (U.S.).$bCommittee On Human And Environmental Exposure Science In The 21st Century.
=245  10$aExposure science in the 21st century :$ba vision and a strategy /$cCommittee on Human and Environmental Exposure Science in the 21st Century, Board on Environmental Studies and Toxicology, Division on Earth and LIfe Studies, National Research Council of the National Academies.
=260  \\$aWashington, D.C. :$bNational Academies Press,$c2012.
=300  \\$axiv, 195 p. :$bill. ;$c23 cm.
=336  \\$atext$2rdacontent
=337  \\$aunmediated$2rdamedia
=338  \\$avolume$2rdacarrier
=504  \\$aIncludes bibliographical references.
=505  0\$aIntroduction -- A vision for exposure science in the 21st century -- Applications of exposure science -- Demands for exposure science -- Scientific and technologic advances -- Promoting and sustaining public trust in exposure science -- Realizing the vision.
=520  \\$a"From the use of personal products to our consumption of food, water, and air, people are exposed to a wide array of agents each day--many with the potential to affect health. Exposure Science in the 21st Century: A Vision and A Strategy investigates the contact of humans or other organisms with those agents (that is, chemical, physical, and biologic stressors) and their fate in living systems. The concept of exposure science has been instrumental in helping us understand how stressors affect human and ecosystem health, and in efforts to prevent or reduce contact with harmful stressors. In this way exposure science has played an integral role in many areas of environmental health, and can help meet growing needs in environmental regulation, urban and ecosystem planning, and disaster management."--Publisher's description.
=530  \\$aAlso available online.
=650  \0$aHealth risk assessment.
=650  \0$aEnvironmental health.
=650  \0$aPollution$xEnvironmental aspects.
=690  7\$aSocial Welfare$2blcoll
=710  2\$aNational Research Council (U.S.).$bBoard on Environmental Studies and Toxicology.
=710  2\$aNational Research Council (U.S.).$bDivision on Earth and Life Studies.
=852  41$aBritish Library$bDSC$jm13/.10772
=856  41$uhttp://www.nap.edu/catalog.php?record_id=13507
=CAT  \\$aBATCH-APP$b00$c20130111$lBLL01$h2108
=CAT  \\$a11131$b40$c20130123$lBLL01$h1436
=CAT  \\$aBATCH-SWP$c20130202$lBLL01$h0054
=FIN  \\$aY$d20130123
=FMT  \\$a  BK
=LAS  \\$aBATCH-SWP$b00$c20130202$lBLL01$h0054
=SRC  \\$aBLL02

