=LDR  01964cam a22004334a 4500
=001  013628061
=003  Uk
=005  20070131141755.0
=008  060607s2005\\\\dcua\\\\\b\\\\000\0\eng\c
=010  \\$a  2006277090
=020  \\$a0309097304 (bk.)
=020  \\$a0309652774 (pdf)
=035  \\$a(OCoLC)ocm62384212
=040  \\$aAZS$cAZS$dBAKER$dUBY$dDLC$dUk
=043  \\$an-us---
=050  00$aTL158$b.R48 2005
=245  00$aReview of the research program of the FreedomCar and fuel partnership.$nFirst report /$cCommittee on Review of the FreedomCar and Fuel Research Program, Phase 1, Board on Energy and Environmental Systems, Division on Engineering and Physical Sciences, Transportation Research Board, National Research Council of the National Academies.
=260  \\$aWashington, D.C. :$bNational Academy Press,$cc2005.
=300  \\$axiv, 132 p. :$bill. ;$c23 cm.
=336  \\$atext$2rdacontent
=337  \\$aunmediated$2rdamedia
=338  \\$avolume$2rdacarrier
=504  \\$aIncludes bibliographical references.
=530  \\$aAlso available via the World Wide Web.
=650  \0$aMotor vehicles$xTechnological innovations$xResearch$zUnited States.
=650  \0$aAutomobiles$xEnergy consumption$xResearch$zUnited States.
=650  \0$aResearch and development partnership$zUnited States.
=710  2\$aNational Research Council (U.S.).$bCommittee on Review of the FreedomCar and Fuel Research Program, Phase 1.
=710  2\$aNational Research Council (U.S.).$bBoard on Energy and Environmental Systems.
=710  2\$aNational Research Council (U.S.).$bTransportation Research Board.
=852  41$aBritish Library$bDSC$jm07/.13355
=856  40$uhttp://www.nap.edu/books/0309097304/html/
=CAT  \\$a4861$b40$c20061218$lBLL01$h1601
=CAT  \\$a10883$b40$c20070131$lBLL01$h1417
=CAT  \\$aW2308-1659$c20230923$lBLL01$h1033
=FIN  \\$aY$d20070131
=FMT  \\$a  BK
=LAS  \\$aW2308-1659$b00$c20230923$lBLL01$h1033
=SRC  \\$aBLL02

