=LDR  01973cam a22004817a 4500
=001  013735040
=003  Uk
=005  20070518091942.0
=008  060911s2006\\\\dcuab\\\\b\\\\000\0\eng\c
=020  \\$a0309103061 (book)
=020  \\$a9780309103060 (book)
=020  \\$a0309664322 (PDF)
=020  \\$a9780309664325 (PDF)
=035  \\$a(OCoLC)71294470
=040  \\$aDLC$cDLC$dUk
=043  \\$an-us---
=050  \4$aTD223$b.N374 2006
=245  00$aDrinking water distribution systems :$bassessing and reducing risks /$cCommittee on Public Water Supply Distribution Systems: Assessing and Reducing Risks, Water Science and Technology Board, Division on Earth and Life Studies, National Research Council of the National Academies.
=260  \\$aWashington, DC :$bNational Academies Press,$cc2006.
=300  \\$axii, 391 p. :$bill., maps ;$c24 cm.
=336  \\$atext$2rdacontent
=337  \\$aunmediated$2rdamedia
=338  \\$avolume$2rdacarrier
=504  \\$aIncludes bibliographical references.
=530  \\$aAlso issued online.
=650  \0$aDrinking water$xStandards$zUnited States.
=650  \0$aWater quality management$zUnited States.
=650  \0$aWater$xPurification$zUnited States.
=710  2\$aNational Research Council (U.S.).$bCommittee on Public Water Supply Distribution Systems: Assessing and Reducing Risks.
=710  2\$aNational Research Council (U.S.).$bWater Science and Technology Board.
=852  41$aBritish Library$bDSC$jm07/.22819
=856  41$uhttp://www.nap.edu/catalog/11728.html
=856  41$uhttp://www.nap.edu/books/0309103061/html/
=CAT  \\$a7203$b40$c20070501$lBLL01$h0928
=CAT  \\$a11002$b40$c20070518$lBLL01$h0919
=CAT  \\$aBATCH-UPD$b40$c20070518$lBLL01$h1219
=CAT  \\$aBATCH-UPD$b40$c20170429$lBLL01$h2005
=CAT  \\$aW2308-1659$c20230923$lBLL01$h1038
=FIN  \\$aY$d20070518
=FMT  \\$a  BK
=LAS  \\$aW2308-1659$b00$c20230923$lBLL01$h1038
=SID  \\$aZ39$bLOC
=SID  \\$aZ39$bOCLC

