=LDR  01914cam a22004814a 4500
=001  013784886
=003  Uk
=005  20070730105654.0
=008  061103s2006\\\\dcuab\\\\b\\\\000\0\eng\c
=010  \\$a  2006285759
=020  \\$a030910193X (pbk.)
=020  \\$a0309660750 (pdf)
=024  3\$a9780309101936
=035  \\$a(OCoLC)ocm70791869
=040  \\$aEJB$cEJB$dNTD$dGZM$dBAKER$dYDXCP$dUMC$dDLC$dUk
=042  \\$aukblcatcopy
=043  \\$an-us---
=050  00$aSH136.S87$bR48 2006
=245  00$aReview of recreational fisheries survey methods /$cCommittee on the Review of Recreational Fisheries Survey Methods, Ocean Studies Board, Division on Earth and Life Studies, National Research Council of the National Academies.
=260  \\$aWashington, DC :$bNational Academies Press,$cc2006.
=300  \\$axiv, 187 p. :$bill., map ;$c23 cm.
=336  \\$atext$2rdacontent
=337  \\$aunmediated$2rdamedia
=338  \\$avolume$2rdacarrier
=504  \\$aIncludes bibliographical references (p. 133-142).
=530  \\$aAlso available via the Internet.
=650  \0$aFish surveys$zUnited States.
=650  \0$aFishing surveys$zUnited States.
=650  \0$aFishery management.
=710  2\$aNational Research Council (U.S.).$bCommittee on the Review of Recreational Fisheries Survey Methods.
=710  2\$aNational Research Council (U.S.).$bDivision on Earth and Life Studies.
=852  41$aBritish Library$bDSC$jm07/.28261
=856  41$uhttp://www.nap.edu/books/030910193X/html/
=856  41$uhttp://newton.nap.edu/catalog/11616.html
=CAT  \\$a8157$b40$c20070704$lBLL01$h0845
=CAT  \\$aBATCH-UPD$b40$c20070704$lBLL01$h0846
=CAT  \\$a11002$b40$c20070730$lBLL01$h1056
=CAT  \\$aBATCH-UPD$b40$c20160830$lBLL01$h2017
=CAT  \\$aW2308-1659$c20230923$lBLL01$h1040
=FIN  \\$aY$d20070730
=FMT  \\$a  BK
=LAS  \\$aW2308-1659$b00$c20230923$lBLL01$h1040
=SRC  \\$aBLL02

