=LDR  02262 am a2200577 a 4500
=001  013792166
=003  Uk
=005  20110621133446.0
=008  060215s2005\\\\xxu\\\\\\b\\\\100\0\eng\d
=010  \\$a  2006271342
=015  \\$aGBB174593$2bnb
=016  \\$a101254404
=016  7\$a013792166$2Uk
=020  \\$a0309096073 (pbk) :$c£13.99
=035  \\$a(OCoLC)ocm60781803
=040  \\$aNLM$cNLM$dVVK$dBAKER$dDLC$dUk
=042  \\$aukblsr
=050  00$aQH426$b.C66 2004
=060  00$a2005 J-379
=060  10$aQU 58.5$bC748i 2005
=082  04$a616.042$223
=111  2\$aConference on Implications of Genomics for Public Health$d(2004 :$cNational Academy of Sciences)
=245  10$aImplications of genomics for public health :$bworkshop summary /$cCommittee on Genomics and the Public's Health in the 21st Century, Board on Health Promotion and Disease Prevention ; Lyla M. Hernandez, editor ; Institute of Medicine of the National Academies.
=260  \\$aWashington, D.C. :$bNational Academies Press,$cc2005.
=300  \\$aix, 87 p. ;$c23 cm.
=336  \\$atext$2rdacontent
=337  \\$aunmediated$2rdamedia
=338  \\$avolume$2rdacarrier
=504  \\$aIncludes bibliographical references.
=650  \0$aGenomics$vCongresses.
=650  \0$aMedical genetics$vCongresses.
=700  1\$aHernandez, Lyla M.
=710  2\$aInstitute of Medicine (U.S.).$bCommittee on Genomics and the Public's Health in the 21st Century.
=710  2\$aInstitute of Medicine (U.S.).$bBoard on Health Promotion and Disease Prevention.
=710  2\$aNational Academy of Sciences (U.S.)
=852  41$aBritish Library$bHMNTS$jYK.2011.a.21374
=856  4\$uhttp://www.nap.edu/books/0309096073/html/
=CAT  \\$aBATCH-ALDL$b00$c20070713$lBLL01$h1010
=CAT  \\$a8479$b40$c20080512$lBLL01$h1051
=CAT  \\$a8479$b40$c20080512$lBLL01$h1150
=CAT  \\$a8479$b40$c20080512$lBLL01$h1151
=CAT  \\$a9671$b40$c20110621$lBLL01$h1254
=CAT  \\$a9671$b40$c20110621$lBLL01$h1334
=CAT  \\$aBATCH$b00$c20160608$lBLL01$h1615
=CAT  \\$aWR16_021$c20160609$lBLL01$h1444
=FIN  \\$aY$d20110621
=FMT  \\$a  BK
=LAS  \\$aWR16_021$b00$c20160609$lBLL01$h1444
=LDO  \\$aALDL$bPB$c20070607$d4521396
=SRC  \\$aALDL
=SRC  \\$aBLL02

