=LDR  03422cam a2200601 a 4500
=001  015499072
=003  Uk
=005  20100316074435.0
=008  090202s2009\\\\dcua\\\\\b\\\\001\0\eng\\
=010  \\$a  2009003378
=020  \\$a9780309126748 (hardcover)
=020  \\$a0309126746 (hardcover)
=020  \\$a9780309126755 (pdf)
=020  \\$a0309126754 (pdf)
=035  \\$a(OCoLC)ocn301798251
=040  \\$aDLC$cDLC$dYDXCP$dVAM$dC#P$dBWX$dDLC$dUk
=042  \\$aukblderived
=043  \\$an-us---
=050  00$aRA790.6$b.I57 2009
=082  00$a362.196/890072$222
=110  2\$aInstitute of Medicine (U.S.).$bCommittee on Prevention of Mental Disorders and Substance Abuse Among Children, Youth, and Young Adults: Research Advances and Promising Interventions.
=245  10$aPreventing mental, emotional, and behavioral disorders among young people :$bprogress and possibilities /$cCommittee on the Prevention of Mental Disorders and Substance Abuse Among Children, Youth, and Young Adults: Research Advances and Promising Interventions ; Mary Ellen O'Connell, Thomas Boat, and Kenneth E. Warner, editors ; Board on Children, Youth, and Families, Division of Behavioral and Social Sciences and Education.
=260  \\$aWashington, D.C. :$bNational Academies Press,$cc2009.
=300  \\$axxix, 562 p. :$bill. ;$c24 cm.
=336  \\$atext$2rdacontent
=337  \\$aunmediated$2rdamedia
=338  \\$avolume$2rdacarrier
=500  \\$a"National Research Council and Institute of Medicine of the National Academies."
=500  \\$a"This report builds on ... 1994 Institute of Medicine (IOM) report entitled Reducing risks for mental disorders"--Pref.
=504  \\$aIncludes bibliographical references and index.
=505  0\$aIntroduction -- The nature and extent of the problem -- Defining the scope of prevention -- Using a developmental framework to guide prevention and promotion -- Perspectives from developmental neuroscience -- Family, school, and community interventions -- Prevention of specific disorders and promotion of mental health -- Screening for prevention -- Benefits and costs of prevention -- Advances in prevention methodology -- Implementation and dissemination of prevention programs -- Prevention infrastructure -- Toward an improved approach to prevention.
=530  \\$aAlso available in electronic form as viewed 14 July 2009.
=650  \0$aMental illness$xPrevention$xResearch$xGovernment policy$zUnited States.
=650  \0$aMental health promotion$xResearch$xGovernment policy$zUnited States.
=650  \0$aMental illness$zUnited States$xPrevention.
=650  \0$aMental health promotion$zUnited States.
=690  7\$aSocial Welfare$2blcoll
=700  1\$aO'Connell, Mary Ellen,$d1960-
=700  1\$aBoat, Thomas F.
=700  1\$aWarner, Kenneth E.,$d1947-
=710  2\$aNational Research Council (U.S.).$bBoard on Children, Youth, and Families.
=730  0\$aReducing risks for mental disorders.
=852  41$aBritish Library$bDSC$jm10/.14577
=856  41$uhttp://www.nap.edu/catalog.php?record_id=12480
=CAT  \\$a8149$b40$c20100302$lBLL01$h1459
=CAT  \\$a11002$b40$c20100316$lBLL01$h0744
=CAT  \\$aBATCH$b00$c20110625$lBLL01$h0549
=CAT  \\$aBATCH-SWP4$c20110627$lBLL01$h1634
=CAT  \\$aW2308-1659$c20230923$lBLL01$h1053
=FIN  \\$aY$d20100316
=FMT  \\$a  BK
=LAS  \\$aW2308-1659$b00$c20230923$lBLL01$h1053
=SRC  \\$aBLL02

