=LDR  01987cam a2200493 a 4500
=001  015694370
=003  Uk
=005  20101115121654.0
=008  090626s2010\\\\dcua\\\\\b\\\\000\0\eng\c
=010  \\$a2010925716
=020  \\$a9780309137164 (pbk.)
=020  \\$a0309137160 (pbk.)
=035  \\$a(OCoLC)419824744
=040  \\$aBTCTA$cBTCTA$dYDXCP$dUPM$dCDX$dUBY$dUk
=042  \\$aukblderived
=043  \\$an-us---
=050  \4$aHD9502.U62$bR43 2010
=082  04$a333.790973$222
=245  00$aReal prospects for energy efficiency in the United States /$cAmerica's Energy Future Panel on Energy Efficiency Technologies ; National Academy of Sciences, National Academy of Engineering, National Research Council of the National Academies.
=260  \\$aWashington, D.C. :$bNational Academies Press,$cc2010.
=300  \\$axvii, 329 p. :$bcol. ill. ;$c26 cm.
=336  \\$atext$2rdacontent
=337  \\$aunmediated$2rdamedia
=338  \\$avolume$2rdacarrier
=490  1\$aAmerica's energy future series
=504  \\$aIncludes bibliographical references.
=530  \\$aAlso available in Open Book format via the National Academies Press home page.
=650  \0$aEnergy policy$zUnited States.
=650  \0$aEnergy consumption$zUnited States.
=650  \0$aEnergy conservation$xTechnological innovations$zUnited States.
=710  2\$aAmerica's Energy Future (Project).$bPanel on Energy Efficiency Technologies.
=710  2\$aNational Academy of Sciences (U.S.)
=710  2\$aNational Academy of Engineering.
=710  2\$aNational Research Council (U.S.)
=710  2\$aNational Academies Press (U.S.)
=830  \0$aAmerica's energy future series.
=852  41$aBritish Library$bDSC$jm10/.26732
=856  41$uhttp://www.nap.edu/catalog.php?record_id=12621
=CAT  \\$a12630$b40$c20101115$lBLL01$h1216
=CAT  \\$aW2308-1659$c20230923$lBLL01$h1102
=FIN  \\$aY$d20101115
=FMT  \\$a  BK
=LAS  \\$aW2308-1659$b00$c20230923$lBLL01$h1102
=SID  \\$aZ39$bOCLC

