=LDR  02331 am a2200481 a 4500
=001  015761117
=003  Uk
=005  20110302084001.0
=008  110114s2010\\\\xxua\\\\\b\\\|0|1\0|eng\d
=010  \\$a2010284627
=020  \\$a9780309157018 (pbk.)
=020  \\$a0309157013 (pbk.)
=035  \\$a(OCoLC)ocn668941951
=040  \\$aYDXCP$beng$cYDXCP$dNLA$dIXA$dDLC$dUk
=042  \\$aukblsr
=097  00$aRA1055.5$b.H58 2010
=245  00$aHIV and disability :$bupdating the social security listings /$cCommittee on Social Security HIV Disability Criteria, Board on the Health of Select Populations, Institute of Medicine of the National Academies.
=260  \\$aWashington, D.C. :$bNational Academies Press,$cc2010.
=300  \\$axvi, 200 p. :$bill. (some col.) ;$c23 cm.
=336  \\$atext$2rdacontent
=337  \\$aunmediated$2rdamedia
=338  \\$avolume$2rdacarrier
=504  \\$aIncludes bibliographical references and index.
=505  0\$aIntroduction -- Current concepts in HIV/AIDS -- Low CD4 count as an indicator of disability -- Imminently fatal or severely disabling HIV-associated conditions -- HIV-associated conditions without lists elsewhere -- HIV-associated conditions with listings elsewhere -- Concepts specific to children with HIV/AIDS -- Maximizing the utility of the HIV infection listings.
=650  \0$aDisability evaluation$zUnited States.
=650  \0$aSocial security$zUnited States.
=650  \0$aHIV-positive persons$zUnited States.
=650  \0$aHIV infections.
=710  2\$aInstitute of Medicine (U.S.).$bCommittee on Social Security HIV Disability Criteria.
=710  2\$aNational Academies Press (U.S.)
=776  08$iOnline version:$tHIV and disability.$w(OCoLC)680386886$dWashington, D.C. : National Academies Press, 2010
=852  41$aBritish Library$bDSC$jm11/.11951
=856  41$uhttp://books.nap.edu/catalog.php?record_id=12941
=906  \\$a0$bibc$ccopycat$d2$encip$f20$gy-gencatlg
=925  0\$aacquire$b2 shelf copies$xpolicy default
=955  \\$axe13 2011-01-14 z-processor to USPL$axh77 2011-01-18 to USPL/STM
=CAT  \\$a10904$b40$c20110301$lBLL01$h0810
=CAT  \\$a9666$b40$c20110301$lBLL01$h1401
=CAT  \\$a8964$b40$c20110302$lBLL01$h0840
=FIN  \\$aY$d20110301
=FMT  \\$a  BK
=LAS  \\$a8964$b40$c20110302$lBLL01$h0840
=SID  \\$aZ39$bLOC

