=LDR  01780 am a22004097a 4500
=001  015761325
=003  Uk
=005  20110301114456.0
=008  100818s2010\\\\dcua\\\\\b\\\\000\0\eng\c
=020  \\$a0309156831
=020  \\$a9780309156837
=035  \\$a(OCoLC)656784693
=040  \\$aYDXCP$cYDXCP$dIXA$dUPM$dCDX$dUk
=042  \\$aukblderived
=043  \\$an-us---
=050  \4$aTL158$b.R48 2010
=082  04$a629.22/9072073$222
=245  00$aReview of the research program of the FreedomCAR and Fuel Partnership.$nThird report /$cCommittee on Review of the FreedomCAR and Fuel Research Program, Phase 3, Board on Energy and Environmental Systems, Division on Engineering and Physical Sciences, National Research Council of the National Academies.
=260  \\$aWashington, D.C. :$bNational Academies Press,$cc2010.
=300  \\$axviii, 208 p. :$bill. ;$c23 cm.
=336  \\$atext$2rdacontent
=337  \\$aunmediated$2rdamedia
=338  \\$avolume$2rdacarrier
=504  \\$aIncludes bibliographical references.
=530  \\$aAlso available in Open Book format via the National Academies Press home page.
=650  \0$aMotor vehicles$xTechnological innovations$xResearch$zUnited States.
=650  \0$aAutomobiles$xEnergy consumption$xResearch$zUnited States.
=650  \0$aResearch and development partnership$zUnited States.
=710  2\$aNational Research Council (U.S.).$bCommittee on Review of the FreedomCAR and Fuel Research Program, Phase 3.
=710  2\$aNational Academies Press (U.S.)
=852  41$aBritish Library$bDSC$jm11/.11919
=856  41$uhttp://www.nap.edu/catalog.php?record_id=12939
=CAT  \\$a11131$b40$c20110301$lBLL01$h1144
=FIN  \\$aY$d20110301
=FMT  \\$a  BK
=LAS  \\$a11131$b40$c20110301$lBLL01$h1144
=SID  \\$aZ39$bOCLC

