=LDR  02186 am a22005534a 4500
=001  015768305
=003  Uk
=005  20110317171029.0
=008  110301s2010\\\\dcua\\\\\b\\\\100\0\eng\c
=010  \\$a  2011280657
=020  \\$a9780309159340 (pbk.)
=020  \\$a0309159342 (pbk.)
=035  \\$a(OCoLC)ocn681406334
=040  \\$aNDD$cNDD$dYDXCP$dUPM$dCDX$dBWX$dDLC$dUk
=042  \\$aukblsr
=043  \\$an-us---
=050  00$aHV5825$b.U534 2010
=082  04$a362.29$222
=245  00$aUnderstanding the demand for illegal drugs /$cPeter Reuter, editor.
=260  \\$aWashington, D.C. :$bNational Academies Press,$cc2010.
=300  \\$ax, 113 p. :$bill. ;$c23 cm.
=336  \\$atext$2rdacontent
=337  \\$aunmediated$2rdamedia
=338  \\$avolume$2rdacarrier
=500  \\$aReport of the ad hoc committee based on an October 2007 workshop and two follow-up meetings.
=504  \\$aIncludes bibliographical references.
=530  \\$aAlso available in Open Book format via the National Academies Press home page.
=650  \0$aDrug control$zUnited States.
=650  \0$aDrug traffic$xGovernment policy$zUnited States.
=650  \0$aDrug abuse$zUnited States.
=650  \0$aDrug abuse$zUnited States$xPrevention.
=690  7\$aSocial Welfare$2blcoll
=700  1\$aReuter, Peter,$d1944-
=710  2\$aNational Research Council (U.S.).$bCommittee on Understanding and Controlling the Demand for Illegal Drugs.
=710  2\$aNational Research Council (U.S.).$bCommittee on Law and Justice.
=710  2\$aNational Research Council (U.S.).$bDivision of Behavioral and Social Sciences and Education.
=852  41$aBritish Library$bDSC$jm11/.12826
=856  41$uhttp://www.nap.edu/catalog.php?record_id=12976
=CAT  \\$aBATCH-APP$b00$c20110308$lBLL01$h1705
=CAT  \\$aBATCH$b00$c20110308$lBLL01$h1706
=CAT  \\$a8440$b40$c20110317$lBLL01$h1047
=CAT  \\$a7143$b40$c20110317$lBLL01$h1659
=CAT  \\$a7143$b40$c20110317$lBLL01$h1710
=CAT  \\$aBATCH$b00$c20110625$lBLL01$h0554
=CAT  \\$aBATCH-SWP4$c20110627$lBLL01$h1638
=FIN  \\$aY$d20110317
=FMT  \\$a  BK
=LAS  \\$aBATCH-SWP4$b00$c20110627$lBLL01$h1638
=SRC  \\$aBLL02

