=LDR  02554 am a22005537a 4500
=001  015769913
=003  Uk
=005  20110322143744.0
=008  101112s2010\\\\dcua\\\\\b\\\\100\0\eng\c
=020  \\$a9780309161763 (pbk.) :$cNo price
=020  \\$a0309161762 (pbk.) :$cNo price
=035  \\$a(OCoLC)681054969
=040  \\$aYDXCP$cYDXCP$dEYW$dNRZ$dIXA$dUPM$dBWX$dCDX$dUk
=042  \\$aukblsr
=043  \\$an-us---
=050  \4$aLB2822.75$b.N387 2010
=082  04$a379.154$222
=245  00$aState assessment systems :$bexploring best practices and innovations : summary of two workshops /$cAlexandra Beatty, rapporteur ; Committee on Best Practices for State Assessment Systems: Improving Assessment While Revisiting Standards, Center for Education, Division of Behavioral and Social Sciences and Education, National Research Council of the National Academies.
=260  \\$aWashington, D.C. :$bNational Academies Press,$cc2010.
=300  \\$axiii, 142 p. :$bill. ;$c23 cm.
=336  \\$atext$2rdacontent
=337  \\$aunmediated$2rdamedia
=338  \\$avolume$2rdacarrier
=504  \\$aIncludes bibliographical references (p. 113-119).
=530  \\$aAlso available in Open Book format via the National Academies Press home page.
=591  \\$aSelected papers.
=650  \0$aEducational evaluation$zUnited States$vCongresses.
=650  \0$aEducational tests and measurements$zUnited States$vCongresses.
=650  \0$aEducation and state$zUnited States$vCongresses.
=653  1\$aState assessment systems
=653  1\$aBest practice
=690  7\$aSocial Welfare$2blcoll
=700  1\$aBeatty, Alexandra S.
=710  2\$aNational Research Council (U.S.).$bCommittee on Best Practices for State Assessment Systems: Improving Assessment While Revisiting Standards.
=710  2\$aNational Research Council (U.S.).$bCenter for Education.
=710  2\$aNational Academies Press (U.S.)
=852  41$aBritish Library$bDSC$jm11/.13220
=856  41$uhttp://www.nap.edu/catalog.php?record_id=13013
=CAT  \\$aBATCH-APP$b00$c20110311$lBLL01$h2100
=CAT  \\$aBATCH$b00$c20110311$lBLL01$h2101
=CAT  \\$a12630$b40$c20110321$lBLL01$h1631
=CAT  \\$a10896$b40$c20110322$lBLL01$h1437
=CAT  \\$aBATCH$b00$c20110625$lBLL01$h0554
=CAT  \\$aBATCH-SWP4$c20110627$lBLL01$h1638
=CNF  \\$aState assessment systems : exploring best practices and innovations (conference)$d(2010 Apr :$cWashington, DC)
=FIN  \\$aY$d20110322
=FMT  \\$a  BK
=LAS  \\$aBATCH-SWP4$b00$c20110627$lBLL01$h1638
=SID  \\$aZ39$bOCLC

