=LDR  02837 am a2200481 a 4500
=001  015769966
=003  Uk
=005  20110317110648.0
=008  101119s2010\\\\dcu\\\\\\b\\\\100\0\eng\c
=020  \\$a0309158036
=020  \\$a9780309158039
=035  \\$a(OCoLC)682281463
=040  \\$aYDXCP$cYDXCP$dIXA$dUBY$dUPM$dCDX$dUk
=042  \\$aukblderived
=050  \4$aRA645.5$b.M443 2010
=245  00$aMedical countermeasures dispensing :$bemergency use authorization and the postal model : workshop summary. /$cClare Stroud, Lori Nadig, and Bruce M. Altevogt, rapporteurs ; Forum on Medical and Public Health Preparedness for Catastrophic Events ; Board on Health Sciences Policy, Institute of Medicine of the National Academies.
=260  \\$aWashington, D.C. :$bNational Academies Press,$cc2010.
=300  \\$axii, 81 p. ;$c23 cm.
=336  \\$atext$2rdacontent
=337  \\$aunmediated$2rdamedia
=338  \\$avolume$2rdacarrier
=504  \\$aIncludes bibliographical references (p. 55-57).
=505  0\$aIntroduction -- Medical countermeasures distribution and dispensing in response to the 2009 H1N1 influenza pandemic -- Emergency use authorization -- The postal model -- Conclusion.
=520  \\$a"During public health emergencies such as terrorist attacks or influenza outbreaks, the public health system's ability to save lives could depend on dispensing medical countermeasures such as antibiotics, antiviral medications, and vaccines to a large number of people in a short amount of time. The IOM's Forum on Medical and Public Health Preparedness for Catastrophic Events held a workshop on November 18, 2009, to provide an overview of current threats, recent progress made in the public health system for distributing and dispensing countermeasures, and remaining vulnerabilities."--Publisher's description.
=530  \\$aAlso available in Open Book format via the National Academies Press home page.
=650  \0$aEmergency management$zUnited States$xPlanning$vCongresses.
=650  \0$aPublic health$zUnited States$vCongresses.
=650  \0$aDisaster medicine$zUnited States$vCongresses.
=650  \2$aPharmaceutical Preparations$xSupply & distribution$zUnited States$vCongresses.
=700  1\$aStroud, Clare.
=700  1\$aNadig, Lori.
=700  1\$aAltevogt, Bruce M.
=710  2\$aInstitute of Medicine (U.S.).$bForum on Medical and Public Health Preparedness for Catastrophic Events.
=710  2\$aNational Academies Press (U.S.)
=852  41$aBritish Library$bDSC$jm11/.13066
=856  41$uhttp://www.nap.edu/catalog.php?record_id=12952
=CAT  \\$aBATCH-APP$b00$c20110311$lBLL01$h2100
=CAT  \\$aBATCH$b00$c20110311$lBLL01$h2102
=CAT  \\$a11131$b40$c20110317$lBLL01$h1106
=FIN  \\$aY$d20110317
=FMT  \\$a  BK
=LAS  \\$a11131$b40$c20110317$lBLL01$h1106
=SID  \\$aZ39$bOCLC

