=LDR  01795 am a22004577a 4500
=001  015774550
=003  Uk
=005  20110328105652.0
=008  101230s2010\\\\dcua\\\\\b\\\\100\0\eng\c
=020  \\$a0309159318
=020  \\$a9780309159319
=035  \\$a(OCoLC)694600778
=040  \\$aNhCcYBP$cNhCcYBP$dUk
=042  \\$aukblderived
=043  \\$an-us---
=050  \4$aRA401.A3$bS24 2010
=245  04$aThe safe use initiative and health literacy :$bworkshop summary /$cCori Vancheri, rapporteur ; Roundtable on Health Literacy, Board on Population Health and Public Health Practice, Institute of Medicine of the National Academies.
=260  \\$aWashington, D.C. :$bNational Academies Press,$cc2010.
=300  \\$axvi, 73 p. :$bcol. ill. ;$c23 cm.
=336  \\$atext$2rdacontent
=337  \\$aunmediated$2rdamedia
=338  \\$avolume$2rdacarrier
=504  \\$aIncludes bibliographical references (p. 57-59).
=530  \\$aAlso available for downloading in PDF from the National Academies Press home page.
=650  \0$aDrugs$zUnited States$xSafety measures$vCongresses.
=650  \0$aPharmaceutical policy$zUnited States$vCongresses.
=650  \0$aPatient education.
=700  1\$aVancheri, Cori.
=710  2\$aInstitute of Medicine (U.S.).$bRoundtable on Health Literacy.
=710  1\$aUnited States.$bFood and Drug Administration.
=710  2\$aNational Academies Press (U.S.)
=852  41$aBritish Library$bDSC$jm11/.13510
=856  41$uhttp://www.nap.edu/catalog.php?record_id=12975
=CAT  \\$aBATCH-APP$b00$c20110319$lBLL01$h1718
=CAT  \\$aBATCH$b00$c20110319$lBLL01$h1719
=CAT  \\$a11002$b40$c20110328$lBLL01$h1056
=FIN  \\$aY$d20110328
=FMT  \\$a  BK
=LAS  \\$a11002$b40$c20110328$lBLL01$h1056
=SID  \\$aZ39$bOCLC
=SRC  \\$aBlackwells

