=LDR  04982 am a2200613 a 4500
=001  015774562
=003  Uk
=005  20110329134328.0
=008  101230s2010\\\\dcuab\\\\b\\\\000\0\eng\c
=020  \\$a0309160006
=020  \\$a9780309160001
=035  \\$a(OCoLC)694600806
=040  \\$aYDXCP$cYDXCP$dUPM$dUBY$dBWX$dCDX$dUk
=042  \\$aukblderived
=043  \\$an-us---$aa-cc---
=050  \4$aTJ808$b.N387 2010
=082  04$a333.794$222
=110  2\$aNational Research Council (U.S.).$bCommittee on U.S.-China Cooperation on Electricity from Renewable Resources.
=245  14$aThe power of renewables :$bopportunities and challenges for China and the United States /$cCommittee on U.S.-China Cooperation on Electricity from Renewable Resources, Policy and Global Affairs Division, National Research Council of the National Academies.
=260  \\$aWashington, D.C. :$bNational Academies Press,$cc2010.
=300  \\$axv, 240 p. :$bill. (chiefly col.), col. maps ;$c23 cm.
=336  \\$atext$2rdacontent
=337  \\$aunmediated$2rdamedia
=338  \\$avolume$2rdacarrier
=500  \\$a"The U.S. National Academies have had an ongoing program of cooperation with the Chinese Academies (Chinese Academy of Sciences and Chinese Academy of Engineering) since the late 1990s ... Leaders from both countries' respective Academies agreed that renewable energy provided a topic of mutual interest, with implications domestically and globally, and with important scientific and technical questions to address. Upon consultations with government agencies in each country, the respective Academies proposed a study that would focus on utility-scale electricity generation from three major resources: wind, solar, and biomass."--Pref.
=504  \\$aIncludes bibliographical references (p. 191-202).
=505  0\$aIntroduction -- Resource base -- Technology readiness -- Environmental impacts of renewable electricity generation -- Renewable energy policies, markets, and deployment in China and the United States -- Transitioning to a sustainable energy economy -- U.S.-Chinese cooperation.
=520  \\$a"The United States and China are the world's top two energy consumers and, as of 2010, the two largest economies. Consequently, they have a decisive role to play in the world's clean energy future. Both countries are also motivated by related goals, namely diversified energy portfolios, job creation, energy security, and pollution reduction, making renewable energy development an important strategy with wide-ranging implications. Given the size of their energy markets, any substantial progress the two countries make in advancing use of renewable energy will provide global benefits, in terms of enhanced technological understanding, reduced costs through expanded deployment, and reduced greenhouse gas (GHG) emissions relative to conventional generation from fossil fuels. Within this context, the U.S. National Academies, in collaboration with the Chinese Academy of Sciences (CAS) and Chinese Academy of Engineering (CAE), reviewed renewable energy development and deployment in the two countries, to highlight prospects for collaboration across the research to deployment chain and to suggest strategies which would promote more rapid and economical attainment of renewable energy goals. Main findings and concerning renewable resource assessments, technology development, environmental impacts, market infrastructure, among others, are presented. Specific recommendations have been limited to those judged to be most likely to accelerate the pace of deployment, increase cost-competitiveness, or shape the future market for renewable energy. The recommendations presented here are also pragmatic and achievable."--Publisher's description.
=530  \\$aAlso available in Open Book format via the National Academies Press home page.
=650  \0$aRenewable energy sources$zUnited States.
=650  \0$aRenewable energy sources$zChina.
=650  \0$aElectric power production$zUnited States.
=650  \0$aElectric power production$zChina.
=650  \0$aWind power$zUnited States.
=650  \0$aWind power$zChina.
=650  \0$aSolar energy$zUnited States.
=650  \0$aSolar energy$zChina.
=650  \0$aBiomass energy$zUnited States.
=650  \0$aBiomass energy$zChina.
=651  \0$aUnited States$xForeign economic relations$zChina.
=651  \0$aChina$xForeign economic relations$zUnited States.
=710  2\$aNational Academies (U.S.)
=710  2\$aZhongguo ke xue yuan.
=710  2\$aZhongguo gong cheng yuan.
=710  2\$aNational Academies Press (U.S.)
=852  41$aBritish Library$bDSC$jm11/.13638
=856  41$uhttp://www.nap.edu/catalog.php?record_id=12987
=CAT  \\$aBATCH-APP$b00$c20110319$lBLL01$h1718
=CAT  \\$aBATCH$b00$c20110319$lBLL01$h1719
=CAT  \\$a10904$b40$c20110329$lBLL01$h1343
=FIN  \\$aY$d20110329
=FMT  \\$a  BK
=LAS  \\$a10904$b40$c20110329$lBLL01$h1343
=SID  \\$aZ39$bOCLC

