=LDR  03417 am a2200553 a 4500
=001  015779164
=003  Uk
=005  20110401080632.0
=008  101021s2011\\\\dcua\\\\\b\\\\000\0\eng\c
=020  \\$a0309139716
=020  \\$a9780309139717
=035  \\$a(OCoLC)671466156
=040  \\$aYDXCP$cYDXCP$dIXA$dUPM$dUk
=042  \\$aukblderived
=043  \\$an-us---
=050  \4$aUG447.8$b.N364 2011
=082  04$a614.40973$223$qUK-WkNB
=110  2\$aNational Academy of Sciences (U.S.).$bCommittee on Effectiveness of National Biosurveillance Systems: BioWatch and the Public Health System.
=245  10$aBioWatch and public health surveillance :$bevaluating systems for the early detection of biological threats /$cCommittee on Effectiveness of National Biosurveillance Systems: BioWatch and the Public Health System ; Board on Health Sciences Policy ; Board on Chemical Sciences and Technology ; Board on Life Sciences, Institute of Medicine and National Research Council of the National Academies.
=250  \\$aAbbreviated version.
=260  \\$aWashington, D.C. :$bNational Academies Press,$cc2011.
=300  \\$axxii, 229 p. :$bill. ;$c23 cm.
=336  \\$atext$2rdacontent
=337  \\$aunmediated$2rdamedia
=338  \\$avolume$2rdacarrier
=504  \\$aIncludes bibliographical references.
=520  \\$aFollowing the attacks of September 11, 2001 and the anthrax letters, the ability to detect biological threats as quickly as possible became a top priority. In 2003 the Department of Homeland Security (DHS) introduced the BioWatch program--a federal monitoring system intended to speed detection of specific biological agents that could be released in aerosolized form during a biological attack. The present volume evaluates the costs and merits of both the current BioWatch program and the plans for a new generation of BioWatch devices. BioWatch and Public Health Surveillance also examines infectious disease surveillance through hospitals and public health agencies in the United States, and considers whether BioWatch and traditional infectious disease surveillance are redundant or complementary.
=530  \\$aAlso available in Open Book format via the National Academies Press home page.
=650  \0$aBiological warfare$xSafety measures$xEvaluation.
=650  \0$aBiological warfare$zUnited States$xPrevention$xEvaluation.
=650  \0$aBiological warfare$zUnited States$xSafety measures$xEvaluation.
=650  \0$aPublic health surveillance$zUnited States$xEvaluation.
=650  \0$aBioterrorism$zUnited States$xSafety measures$xEvaluation.
=710  2\$aInstitute of Medicine (U.S.).$bBoard on Health Sciences Policy.
=710  2\$aNational Research Council (U.S.).$bBoard on Chemical Sciences and Technology.
=710  2\$aNational Research Council (U.S.).$bBoard on Life Sciences.
=710  2\$aNational Academies Press (U.S.)
=852  41$aBritish Library$bDSC$jm11/.13875
=856  41$uhttp://www.nap.edu/catalog.php?record_id=12688
=985  \\$aCorrected by MS generated file for WR# 13.051
=CAT  \\$aBATCH-APP$b00$c20110325$lBLL01$h2051
=CAT  \\$aBATCH$b00$c20110325$lBLL01$h2052
=CAT  \\$a11131$b40$c20110401$lBLL01$h0805
=CAT  \\$a11131$b40$c20110401$lBLL01$h0806
=CAT  \\$aBLSS-CORR$b00$c20130327$lBLL01$h1528
=FIN  \\$aY$d20110401
=FMT  \\$a  BK
=LAS  \\$aBLSS-CORR$b00$c20130327$lBLL01$h1528
=SID  \\$aZ39$bOCLC

