=LDR  02799 am a2200517 a 4500
=001  015779169
=003  Uk
=005  20110401091117.0
=008  110127s2010\\\\dcu\\\\\\b\\\\000\0\eng\c
=020  \\$a9780309158275
=020  \\$a0309158273
=035  \\$a(OCoLC)698454364
=040  \\$aIXA$cIXA$dUPM$dUBY$dCDX$dYDXCP$dUk
=042  \\$aukblderived
=050  \4$aRA784$b.F76 2010
=082  04$a613.2$222
=110  2\$aInstitute of Medicine (U.S.).$bCommittee on Examination of Front-of-Package Nutrition Rating Systems and Symbols.
=245  10$aFront-of-package nutrition rating systems and symbols :$bphase I report /$cCommittee on Examination of Front-of-Package Nutrition Rating Systems and Symbols, Food and Nutrition Board ; Ellen A. Wartella, Alice H. Lichtenstein, and Caitlin S. Boon, editors ; Institute of Medicine of the National Academies.
=260  \\$aWashington, D.C. :$bNational Academies Press,$cc2010.
=300  \\$axi, 128 p. ;$c28 cm.
=336  \\$atext$2rdacontent
=337  \\$aunmediated$2rdamedia
=338  \\$avolume$2rdacarrier
=504  \\$aIncludes bibliographical references.
=505  0\$aIntroduction -- History of nutrition labeling -- History and current status of front-of-package systems -- Overview of health and diet in America -- Purpose and merits of front-of-package nutrition rating systems -- Scientific basis of front-of-package systems -- Conclusions and plans for phase II.
=520  \\$a"Growing recognition of the nation's obesity crisis and the prevalence of chronic disease have led to an array of efforts aimed at increasing physical activity and promoting healthful eating, including changes in the formulation, packing, labeling, and marketing of food and beverages products the contribute to a healthy lifestyle. In particular, the use of symbols summarizing key nutritional aspects and characteristics of food products has seen substantial growth."--Publisher's description.
=530  \\$aAlso available in Open Book format via the National Academies Press home page.
=650  \0$aNutrition.
=650  \0$aFood$xLabeling.
=650  \0$aFood$xPackaging.
=650  \0$aHealth promotion$xMethods.
=650  \0$aObesity$xPrevention.
=700  1\$aWartella, Ellen.
=700  1\$aLichtenstein, Alice H.
=700  1\$aBoon, Caitlin S.
=710  2\$aInstitute of Medicine (U.S.).$bFood and Nutrition Board.
=710  2\$aNational Academies Press (U.S.)
=852  41$aBritish Library$bDSC$jm11/.13886
=856  41$uhttp://www.nap.edu/catalog.php?record_id=12957
=CAT  \\$aBATCH-APP$b00$c20110325$lBLL01$h2051
=CAT  \\$aBATCH$b00$c20110325$lBLL01$h2052
=CAT  \\$a11131$b40$c20110401$lBLL01$h0911
=FIN  \\$aY$d20110401
=FMT  \\$a  BK
=LAS  \\$a11131$b40$c20110401$lBLL01$h0911
=SID  \\$aZ39$bOCLC

