=LDR  02830 am a22005295  4500
=001  015779200
=003  Uk
=005  20110404113004.0
=008  100812s2010\\\\dcua\\\\\b\\\\100\0\eng\c
=020  \\$a9780309148832 (pbk.)
=020  \\$a0309148839 (pbk.)
=035  \\$a(OCoLC)655759716
=040  \\$aYDXCP$cYDXCP$dEUW$dUPM$dUBY$dCOO$dCDX
=043  \\$an-us---
=050  \4$aRC569$b.C537 2010
=082  04$a616.858445$222
=245  00$aCNS clinical trials :$bsuicidality and data collection : workshop summary /$cSarah Hanson, Miriam Davis and Bruce Altevogt, rapporteurs ; Forum on Neuroscience and Nervous System Disorders, Board on Health Sciences Policy, Institute of Medicine of the National Academies.
=246  3\$aCentral nervous system clinical trials
=260  \\$aWashington, D.C. :$bNational Academies Press,$cc2010.
=300  \\$axii, 75 p. :$bill. ;$c23 cm.
=336  \\$atext$2rdacontent
=337  \\$aunmediated$2rdamedia
=338  \\$avolume$2rdacarrier
=504  \\$aIncludes bibliographical references (p. 43-49).
=505  0\$aPerspectives from the FDA, academia, and patients -- Data collection and optimization -- Data analysis -- Partnerships, opportunities, collaboration.
=520  \\$a"The Food and Drug Administration (FDA) now requires that all clinical trials for drugs that affect the central nervous system--including psychiatric drugs--are assessed for whether that drug might cause suicidal ideation or behavior. The Institute of Medicine's (IOM) Forum on Neuroscience and Nervous System Disorders hosted a meeting on June 26, 2009, to discuss the FDA's new policy and how to analyze best whether suicidal thoughts predict actual suicidal behavior in the near future."--Publisher's description.
=530  \\$aAlso available in Open Book format via the National Academies Press home page.
=650  \0$aSuicide$zUnited States$xPrevention$vCongresses.
=650  \0$aSuicidal behavior$zUnited States$vCongresses.
=650  \0$aClinical health psychology$zUnited States$vCongresses.
=650  \0$aClinical trials$zUnited States$vCongresses.
=650  \0$aNervous system$vCongresses.
=650  \2$aSuicide$xprevention & control.
=650  \2$aMental Disorders.
=700  1\$aHanson, Sarah L.$q(Sarah Lynn),$d1980-
=700  1\$aDavis, Miriam,$cPh. D.
=700  1\$aAltevogt, Bruce M.
=710  2\$aInstitute of Medicine (U.S.).$bForum on Neuroscience and Nervous System Disorders.
=710  2\$aNational Academies Press (U.S.)
=852  41$aBritish Library$bDSC$jm11/.13836
=856  41$uhttp://www.nap.edu/catalog.php?record_id=12829
=CAT  \\$aBATCH-APP$b00$c20110325$lBLL01$h2051
=CAT  \\$aBATCH$b00$c20110325$lBLL01$h2052
=CAT  \\$a12630$b40$c20110404$lBLL01$h1130
=FMT  \\$a  BK
=LAS  \\$a12630$b40$c20110404$lBLL01$h1130
=SID  \\$aZ39$bOCLC

