=LDR  02333 am a2200445 a 4500
=001  015788677
=003  Uk
=005  20110413072026.0
=008  101230s2011\\\\dcua\\\\\b\\\\100\0\eng\d
=020  \\$a0309158524
=020  \\$a9780309158527
=035  \\$a(OCoLC)694600785
=040  \\$aYDXCP$cYDXCP$dRCJ$dNRZ$dNTD$dUk
=042  \\$aukblderived
=082  04$a305.235$223$qUK-WkNB
=110  2\$aNational Research Council (U.S.).$bCommittee on the Science of Adolescence.
=245  14$aThe science of adolescent risk-taking :$bworkshop report /$cCommittee on the Science of Adolescence, Board on Children, Youth, and Families, Institute of Medicine and National Research Council of the National Academies.
=260  \\$aWashington, D.C. :$bNational Academies Press,$cc2011.
=300  \\$axiii, 130 p. :$bill. ;$c23 cm.
=336  \\$atext$2rdacontent
=337  \\$aunmediated$2rdamedia
=338  \\$avolume$2rdacarrier
=504  \\$aIncludes bibliographical references (p. 103-111).
=505  0\$aIntroduction: Why study adolescence? -- Adolescents and the risks that affect them -- Biobehavioral processes -- The psychology of adolescence -- The influence of environment -- Looking to the future.
=520  \\$a"Adolescence is a time when youth make decisions, both good and bad, that have consequences for the rest of their lives. Some of these decisions put them at risk of lifelong health problems, injury, or death. The Institute of Medicine held three public workshops between 2008 and 2009 to provide a venue for researchers, health care providers, and community leaders to discuss strategies to improve adolescent health."--Summary.
=530  \\$aAlso available online.
=650  \0$aHealth behavior in adolescence.
=650  \0$aRisk-taking (Psychology) in adolescence$vCongresses.
=710  2\$aInstitute of Medicine (U.S.)
=852  41$aBritish Library$bDSC$jm11/.14065
=856  41$uhttp://www.nap.edu/catalog.php?record_id=12961
=985  \\$aCorrected by MS generated file for WR# 13.051
=CAT  \\$aBATCH-APP$b00$c20110411$lBLL01$h1553
=CAT  \\$aBATCH$b00$c20110411$lBLL01$h1554
=CAT  \\$a11131$b40$c20110413$lBLL01$h0720
=CAT  \\$aBLSS-CORR$b00$c20130327$lBLL01$h1528
=FIN  \\$aY$d20110413
=FMT  \\$a  BK
=LAS  \\$aBLSS-CORR$b00$c20130327$lBLL01$h1528
=SID  \\$aZ39$bOCLC

