=LDR  04030 am a2200565 a 4500
=001  015788680
=003  Uk
=005  20110729140232.0
=007  cr\cn|||||||||
=008  101006s2010\\\\dcu\\\\\\b\\\\100\0\eng\\
=020  \\$a9780309152822
=020  \\$a0309152828
=035  \\$a(OCoLC)668941936
=040  \\$aNLM$cNLM$dYDXCP$dNRZ$dUPM$dDNF$dUBY$dUk
=042  \\$aukblderived
=043  \\$an-us---
=050  \4$aRT79$b.F67 2010
=060  00$a2011 A-861
=060  10$aWY 18
=111  2\$aForum on the Future of Nursing$d(2010 :$cAnderson Cancer Center, University of Texas M.D.)
=245  12$aA summary of the February 2010 Forum on the Future of Nursing :$beducation /$cCommittee on the Robert Wood Johnson Foundation Initiative on the Future of Nursing, at the Institute of Medicine ; Institute of Medicine of the National Academies.
=246  17$aForum on the Future of Nursing :$beducation
=246  30$a2010 Forum on the Future of Nursing
=246  30$aEducation
=260  \\$aWashington, D.C. :$bNational Academies Press,$cc2010.
=300  \\$axvi, 71 p. ;$c23 cm.
=336  \\$atext$2rdacontent
=337  \\$acomputer$2rdamedia
=338  \\$aonline resource$2rdacarrier
=500  \\$aSummary of a forum held at the University of Texas MD Anderson Cancer Center, Houston, Tex., Feb. 22, 2010.
=504  \\$aIncludes bibliographical references (p. 55-57).
=505  0\$aWhat to teach -- How to teach -- Where to teach -- Testimony.
=520  \\$a"As the U.S. health care system continues to evolve, the role of nurses also needs to evolve. Nurses must strike a delicate balance among advancing science, translating and applying research, and caring for individuals and families across all settings. Preparing nurses to achieve this balance is a significant challenge. The education system should ensure that nurses have the intellectual capacity, human responsiveness, flexibility, and leadership skills to provide care and promote health whenever and wherever needed. Education leaders and faculty need to prepare nurses with the competencies they need now and in the future. They need to prepare nurses to work and assume leadership roles not just in hospitals, but in communities, clinics, homes, and everywhere else nurses are needed. On February 22, 2010 the Initiative on the Future of Nursing held the last public forum in a series of three at the University of Texas MD Anderson Cancer Center. This forum, which covered the education of nurses, consisted of three armchair discussions. Each discussion was led by a moderator from the committee and focused on three broad, overlapping subjects: what to teach, how to teach, and where to teach. The verbal exchange among the discussants and moderators, prompted by additional questions from committee members at the forum, produced a wide-ranging and informative examination of questions that are critical to the future of nursing education. Additionally, testimony presented by 12 individuals and comments made by members of the audience during an open microphone session provided the committee with valuable input from a range of perspectives."--Publisher's description.
=530  \\$aAlso available online.
=650  \0$aNursing$xStudy and teaching$vCongresses.
=650  \0$aNursing schools$zUnited States$vCongresses.
=710  2\$aInstitute of Medicine (U.S.).$bCommittee on the Robert Wood Johnson Foundation Initiative on the Future of Nursing.
=852  41$aBritish Library$bDSC$jm11/.14070
=856  4\$uhttp://www.nap.edu/catalog.php?record%5Fid=12894
=856  41$uhttp://www.nap.edu/catalog.php?record_id=12894
=CAT  \\$aBATCH-APP$b00$c20110411$lBLL01$h1553
=CAT  \\$aBATCH$b00$c20110411$lBLL01$h1554
=CAT  \\$a11131$b40$c20110413$lBLL01$h0755
=CAT  \\$a9572$b40$c20110729$lBLL01$h1400
=CAT  \\$a9572$b40$c20110729$lBLL01$h1402
=CAT  \\$aW1707-0052$c20170703$lBLL01$h1913
=FIN  \\$aY$d20110413
=FMT  \\$a  BK
=LAS  \\$aW1707-0052$b00$c20170703$lBLL01$h1913
=SID  \\$aZ39$bOCLC

