=LDR  04124 am a22005177a 4500
=001  015788695
=003  Uk
=005  20110412141612.0
=007  cr\cn|||||||||
=008  100826s2010\\\\dcua\\\\\b\\\\000\0\eng\\
=020  \\$a9780309158145
=020  \\$a0309158141
=035  \\$a(OCoLC)658581393
=040  \\$aNLM$cNLM$dYDXCP$dNRZ$dUBY$dUPM$dCDX$dCOO$dUk
=042  \\$aukblderived
=050  \4$aR853.C55$bN387 2010
=060  00$a2011 C-574
=060  10$aWA 950
=110  2\$aNational Research Council (U.S.).$bPanel on Handling Missing Data in Clinical Trials.
=245  14$aThe prevention and treatment of missing data in clinical trials /$cPanel on Handling Missing Data in Clinical Trials, Committee on National Statistics, Division of Behavioral and Social Sciences, National Research Council of the National Academies.
=260  \\$aWashington, D.C. :$bNational Academies Press,$cc2010.
=300  \\$axv, 144 p. :$bill. ;$c23 cm.
=336  \\$atext$2rdacontent
=337  \\$acomputer$2rdamedia
=338  \\$aonline resource$2rdacarrier
=504  \\$aIncludes bibliographical references (p. 115-122).
=505  0\$aIntroduction and background -- Trial designs to reduce the frequency of missing data -- Trial strategies to reduce the frequency of missing data -- Drawing inferences from incomplete data -- Principles and methods of sensitivity analyses -- Conclusions and recommendations.
=520  \\$a"Randomized clinical trials are the primary tool for evaluating new medical interventions. Randomization provides for a fair comparison between treatment and control groups, balancing out, on average, distributions of known and unknown factors among the participants. Unfortunately, these studies often lack a substantial percentage of data. This missing data reduces the benefit provided by the randomization and introduces potential biases in the comparison of the treatment groups. Missing data can arise for a variety of reasons, including the inability or unwillingness of participants to meet appointments for evaluation. And in some studies, some or all of data collection ceases when participants discontinue study treatment. Existing guidelines for the design and conduct of clinical trials, and the analysis of the resulting data, provide only limited advice on how to handle missing data. Thus, approaches to the analysis of data with an appreciable amount of missing values tend to be ad hoc and variable. The Prevention and Treatment of Missing Data in Clinical Trials concludes that a more principled approach to design and analysis in the presence of missing data is both needed and possible. Such an approach needs to focus on two critical elements: (1) careful design and conduct to limit the amount and impact of missing data and (2) analysis that makes full use of information on all randomized participants and is based on careful attention to the assumptions about the nature of the missing data underlying estimates of treatment effects. In addition to the highest priority recommendations, the book offers more detailed recommendations on the conduct of clinical trials and techniques for analysis of trial data."--Publisher's description.
=530  \\$aAlso available in Open Book format via the National Academies Press home page.
=650  12$aRandomized Controlled Trials as Topic$xstatistics & numerical data.
=650  22$aBiomedical Research$xstandards.
=650  \0$aClinical trials$xStatistical methods.
=650  \0$aExperimental design.
=710  2\$aNational Research Council (U.S.).$bCommittee on National Statistics.
=710  2\$aNational Academies Press (U.S.)
=852  41$aBritish Library$bDSC$jm11/.14109
=856  4\$uhttp://www.nap.edu/catalog.php?record%5Fid=12955
=856  41$uhttp://www.nap.edu/catalog.php?record_id=12955
=CAT  \\$aBATCH-APP$b00$c20110411$lBLL01$h1553
=CAT  \\$aBATCH$b00$c20110411$lBLL01$h1554
=CAT  \\$a11002$b40$c20110412$lBLL01$h1416
=CAT  \\$aW1707-0052$c20170703$lBLL01$h1913
=FIN  \\$aY$d20110412
=FMT  \\$a  BK
=LAS  \\$aW1707-0052$b00$c20170703$lBLL01$h1913
=SID  \\$aZ39$bOCLC

