=LDR  02318 am a22004697a 4500
=001  015796299
=003  Uk
=005  20110512075308.0
=008  101006s2010\\\\dcu\\\\\\b\\\\100\0\eng\c
=020  \\$a0309161444
=020  \\$a9780309161442
=035  \\$a(OCoLC)668941955
=040  \\$aYDXCP$cYDXCP$dGWL$dUPM$dBWX$dCDX$dUk
=042  \\$aukblderived
=050  \4$aQC902.8$b.D47 2010
=245  00$aDescribing socioeconomic futures for climate change research and assessment :$breport of a workshop /$cPanel on Socioeconomic Scenarios for Climate Change Research and Assessment, Committee on the Human Dimensions of Global Change, Division of Behavioral and Social Sciences and Education, National Research Council of the National Academies.
=260  \\$aWashington, D.C. :$bNational Academies Press,$cc2010.
=300  \\$axii, 63 p. ;$c23 cm.
=336  \\$atext$2rdacontent
=337  \\$aunmediated$2rdamedia
=338  \\$avolume$2rdacarrier
=500  \\$a"The workshop that is the subject of this report was organized by the National Research Council's Committee on the Human Dimensions of Global Change and the Climate Research Committee"--P. vii.
=504  \\$aIncludes bibliographical references (p. 49-50).
=530  \\$aAlso available in Open Book format via the National Academies Press home page.
=650  \0$aClimatic changes$xEconomic aspects$vCongresses.
=650  \0$aClimatic changes$xSocial aspects$vCongresses.
=650  \0$aClimatic changes$xForecasting$vCongresses.
=650  \0$aSocial prediction$vCongresses.
=650  \0$aEconomic forecasting$vCongresses.
=710  2\$aNational Research Council (U.S.).$bPanel on Socioeconomic Scenarios for Climate Change Research and Assessment.
=710  2\$aNational Research Council (U.S.).$bCommittee on the Human Dimensions of Global Change.
=710  2\$aNational Research Council (U.S.).$bClimate Research Committee.
=710  2\$aNational Academies Press (U.S.)
=852  41$aBritish Library$bDSC$jm11/.14989
=856  41$uhttp://www.nap.edu/catalog.php?record_id=13007
=CAT  \\$aBATCH-APP$b00$c20110420$lBLL01$h2210
=CAT  \\$aBATCH$b00$c20110420$lBLL01$h2212
=CAT  \\$a11002$b40$c20110512$lBLL01$h0753
=FIN  \\$aY$d20110512
=FMT  \\$a  BK
=LAS  \\$a11002$b40$c20110512$lBLL01$h0753
=SID  \\$aZ39$bOCLC

