=LDR  03170 am a22007455  4500
=001  015796305
=003  Uk
=005  20110512131535.0
=007  cr\cn|||||||||
=008  101230s2011\\\\dcua\\\\\b\\\\100\0\eng\\
=020  \\$a9780309161794
=020  \\$a0309161797
=035  \\$a(OCoLC)694600807
=040  \\$aNLM$cNLM$dYDXCP$dIXA$dUPM$dBWX$dCDX$dUk
=043  \\$an-us---
=050  \4$aTX360.U6$bP636 2011
=060  00$a2011 D-001
=060  10$aQU 145
=082  04$a613.20973$223$qUK-WkNB
=245  00$aPlanning a WIC research agenda :$bworkshop summary /$cCarol West Suitor, rapporteur ; Food and Nutrition Board, Institute of Medicine of the National Academies.
=246  3\$aPlanning a Women, Infants, and Children research agenda
=260  \\$aWashington, D.C. :$bNational Academies Press,$cc2011.
=300  \\$ax, 166 p. :$bill. ;$c23 cm.
=336  \\$atext$2rdacontent
=337  \\$acomputer$2rdamedia
=338  \\$aonline resource$2rdacarrier
=500  \\$a"Sheila Moats, study director; Carol West Suitor, consultant and rapporteur"--P. v.
=500  \\$aSummary of a workshop that took place in Washington, DC on July 20-21, 2010.
=504  \\$aIncludes bibliographical references.
=530  \\$aAlso issued online.
=591  \\$aPapers.
=610  22$aSpecial Supplemental Food Program for Women, Infants, and Children (U.S.)
=610  20$aSpecial Supplemental Food Program for Women, Infants, and Children (U.S.)
=650  12$aNutrition Policy$zUnited States$vCongresses.
=650  22$aChild Nutritional Physiological Phenomena$zUnited States$vCongresses.
=650  22$aMaternal Welfare$zUnited States$vCongresses.
=650  22$aNutrition Disorders$xprevention & control$zUnited States$vCongresses.
=650  22$aObesity$zUnited States$vCongresses.
=650  22$aRisk Assessment$zUnited States$vCongresses.
=650  \0$aNutrition policy$zUnited States.
=650  \0$aPregnancy$xNutritional aspects$zUnited States$vCongresses.
=650  \0$aObesity$xNutritional aspects$zUnited States$vCongresses.
=650  \0$aChildren$xNutrition$zUnited States$vCongresses.
=650  \0$aHealth risk assessment$zUnited States$vCongresses.
=653  1\$aWomen's nutrition
=653  1\$aInfant nutrition
=700  1\$aSuitor, Carol West.
=710  2\$aInstitute of Medicine (U.S.).$bFood and Nutrition Board.
=710  2\$aNational Academies Press (U.S.)
=852  41$aBritish Library$bDSC$jm11/.14971
=856  4\$uhttp://www.nap.edu/catalog.php?record%5Fid=13014
=856  41$uhttp://www.nap.edu/catalog.php?record_id=13014
=985  \\$aCorrected by MS generated file for WR# 13.051
=CAT  \\$aBATCH-APP$b00$c20110420$lBLL01$h2210
=CAT  \\$aBATCH$b00$c20110420$lBLL01$h2212
=CAT  \\$a11002$b40$c20110512$lBLL01$h1039
=CAT  \\$a8962$b40$c20110512$lBLL01$h1314
=CAT  \\$a8962$b40$c20110512$lBLL01$h1315
=CAT  \\$aBLSS-CORR$b00$c20130327$lBLL01$h1528
=CAT  \\$aW1707-0052$c20170703$lBLL01$h1914
=CNF  \\$aPlanning a WIC Research Agenda (Workshop)$d(2010)
=FIN  \\$aY$d20110512
=FMT  \\$a  BK
=LAS  \\$aW1707-0052$b00$c20170703$lBLL01$h1914
=SID  \\$aZ39$bOCLC

