=LDR  02795 am a2200517 a 4500
=001  015796850
=003  Uk
=005  20110520080515.0
=008  101115s2011\\\\dcua\\\\\b\\\\100\0\eng\d
=020  \\$a0309158893
=020  \\$a9780309158893
=035  \\$a(OCoLC)681488332
=040  \\$aYDXCP$cYDXCP$dPTR$dNRZ$dNTD$dUk
=042  \\$aukblderived
=043  \\$an-us---
=050  \4$aRM301.25$b.I564 2011
=082  04$a615.1074$223$qUK-WkNB
=110  2\$aInstitute of Medicine (U.S.).$bForum on Drug Discovery, Development, and Translation.
=245  10$aBuilding a national framework for the establishment of regulatory science for drug development :$bworkshop summary /$cYeonwoo Lebovitz, Rebecca A. English and Anne B. Claiborne, rapporteurs ; Forum on Drug Discovery, Development, and Translation, Board on Health Sciences Policy, Institute of Medicine of the National Academies.
=246  30$aRegulatory science for drug development
=246  30$aForum on Drug Discovery, Development, and Translation
=260  \\$aWashington, D.C. :$bNational Academies Press,$cc2011.
=300  \\$axvi, 78 p. :$bill. ;$c23 cm.
=336  \\$atext$2rdacontent
=337  \\$aunmediated$2rdamedia
=338  \\$avolume$2rdacarrier
=504  \\$aIncludes bibliographical references.
=505  0\$aIntroduction -- Defining regulatory sciences -- The urgent need for regulatory science -- Barriers to enhanced regulatory science -- Potential models for building a regulatory science infrastructure -- Challenges in engaging the public policy community -- Envisioning successsful regulatory science at FDA -- Considering next steps.
=520  \\$a"The Food and Drug Administration (FDA) is tasked with ensuring the safety and effectiveness of medicine. FDA's science base must be strong enough to make certain that regulatory decisions are based on the best scientific evidence. The IOM held a public workshop on February 26, 2010, to examine the state of regulatory science and to consider approaches for enhancing it."--Publisher's description.
=530  \\$aAlso available online.
=610  10$aUnited States.$bFood and Drug Administration.
=650  \0$aDrug development$zUnited States$vCongresses.
=700  1\$aLebovitz, Yeonwoo.
=700  1\$aEnglish, Rebecca A.
=700  1\$aClaiborne, Anne B.
=852  41$aBritish Library$bDSC$jm11/.15410
=856  41$uhttp://www.nap.edu/catalog.php?record_id=12968
=985  \\$aCorrected by MS generated file for WR# 13.051
=CAT  \\$aBATCH-APP$b00$c20110423$lBLL01$h1716
=CAT  \\$aBATCH$b00$c20110423$lBLL01$h1718
=CAT  \\$a11131$b40$c20110520$lBLL01$h0805
=CAT  \\$aBLSS-CORR$b00$c20130327$lBLL01$h1528
=FIN  \\$aY$d20110520
=FMT  \\$a  BK
=LAS  \\$aBLSS-CORR$b00$c20130327$lBLL01$h1528
=SID  \\$aZ39$bOCLC

