=LDR  02673 am a22004577a 4500
=001  015806211
=003  Uk
=005  20110606082602.0
=008  101119s2011\\\\dcua\\\\\b\\\\000\0\eng\c
=020  \\$a0309162866
=020  \\$a9780309162869
=035  \\$a(OCoLC)682281461
=040  \\$aYDXCP$cYDXCP$dNRZ$dUPM$dCDX$dUBY$dUk
=042  \\$aukblderived
=050  \4$aTA462$b.N327 2011
=082  04$a620.11223$222
=110  2\$aNational Research Council (U.S.).$bCommittee on Research Opportunities in Corrosion Science and Engineering.
=245  10$aResearch opportunities in corrosion science and engineering /$cCommittee on Research Opportunities in Corrosion Science and Engineering, National Materials Advisory Board, Division on Engineering and Physical Sciences, National Research Council of the National Academies.
=246  30$aCorrosion science and engineering
=260  \\$aWashington, D.C. :$bNational Academies Press,$cc2011.
=300  \\$axv, 176 p. :$bill. (chiefly col.) ;$c26 cm.
=336  \\$atext$2rdacontent
=337  \\$aunmediated$2rdamedia
=338  \\$avolume$2rdacarrier
=504  \\$aIncludes bibliographical references.
=505  0\$aCorrosion: its influence and control -- Corrosion research grand challenges -- Research opportunities -- Dissemination of the outcomes of corrosion research -- A national strategy for corrosion research.
=520  \\$a"[This book] identifies grand challenges for the corrosion research community, highlights research opportunities in corrosion science and engineering, and posits a national strategy for corrosion research. It is a logical and necessary complement to the recently published book, Assessment of corrosion education, which emphasized that technical education must be supported by academic, industrial, and government research. Although the present report focuses on the government role, this emphasis does not diminish the role of industry or academia" --Publisher's web site.
=530  \\$aAlso available in Open Book format via the National Academies Press home page.
=650  \0$aCorrosion and anti-corrosives$xResearch.
=650  \0$aCorrosion resistant materials$xResearch.
=710  2\$aNational Research Council (U.S.).$bNational Materials Advisory Board.
=710  2\$aNational Academies Press (U.S.)
=852  41$aBritish Library$bDSC$jm11/.16038
=856  41$uhttp://books.nap.edu/catalog.php?record_id=13032
=CAT  \\$aBATCH-APP$b00$c20110511$lBLL01$h2209
=CAT  \\$aBATCH$b00$c20110511$lBLL01$h2210
=CAT  \\$a11002$b40$c20110606$lBLL01$h0826
=FIN  \\$aY$d20110606
=FMT  \\$a  BK
=LAS  \\$a11002$b40$c20110606$lBLL01$h0826
=SID  \\$aZ39$bOCLC

