=LDR  02184 am a22004457a 4500
=001  015814917
=003  Uk
=005  20110525111800.0
=008  101230s2010\\\\dcua\\\\\b\\\\000\0\eng\c
=020  \\$a0309162815
=020  \\$a9780309162814
=035  \\$a(OCoLC)694600801
=040  \\$aYDXCP$cYDXCP$dRCE$dUPM$dCDX$dBWX$dUk
=042  \\$aukblderived
=043  \\$an-us---
=050  \4$aHV6433.35$b.N383 2010
=082  04$a363.62$222
=110  2\$aNational Research Council (U.S.).$bCommittee on the Evaluation of a Site-Specific Risk Assessment for the Department of Homeland Security's Planned National Bio-and Agro-Defense Facility in Manhattan, Kansas.
=245  10$aEvaluation of a site-specific risk assessment for the Department of Homeland Security's planned national bio- and agro-defense facility in Manhattan, Kansas /$cCommittee on the Evaluation of a Site-Specific Risk Assessment for the Department of Homeland Security's Planned National Bio-and Agro-Defense Facility in Manhattan, Kansas, Board on Life Sciences, Board on Agriculture and Natural Resources, Division on Earth and Life Studies, National Research Council of the National Academies.
=260  \\$aWashington, D.C. :$bNational Academies Press,$cc2010.
=300  \\$axvii, 128 p. :$bill. ;$c28 cm.
=336  \\$atext$2rdacontent
=337  \\$aunmediated$2rdamedia
=338  \\$avolume$2rdacarrier
=504  \\$aIncludes bibliographical references.
=530  \\$aAlso available in Open Book format via the National Academies Press home page.
=610  10$aUnited States.$bDepartment of Homeland Security.
=650  \0$aAgroterrorism$zUnited States$xPrevention.
=650  \0$aBiological warfare$zUnited States$xPrevention.
=650  \0$aBioterrorism$zUnited States$xPrevention.
=710  2\$aNational Academies Press (U.S.)
=852  41$aBritish Library$bDSC$jm11/.15618
=856  41$uhttp://www.nap.edu/catalog.php?record_id=13031
=985  \\$aRecord amended for WR# 13/070
=CAT  \\$a11131$b40$c20110525$lBLL01$h1118
=CAT  \\$aWR13_070$b00$c20130504$lBLL01$h0331
=FIN  \\$aY$d20110525
=FMT  \\$a  BK
=LAS  \\$aWR13_070$b00$c20130504$lBLL01$h0331
=SID  \\$aZ39$bOCLC

