=LDR  03619 am a22004577a 4500
=001  015815994
=003  Uk
=005  20110623105605.0
=008  100430s2010\\\\dcua\\\\\b\\\\000\0\eng\d
=010  \\$a  2010927922
=020  \\$a9780309147088
=020  \\$a0309147085
=020  \\$a9780309152938
=020  \\$a0309152933
=035  \\$a(OCoLC)ocn500822445
=040  \\$aBTCTA$beng$cBTCTA$dYDXCP$dDOJ$dNRZ$dBWX$dUBY$dTXH$dIXA$dCDX$dAGL$dDLC$dUk
=042  \\$aukblderived
=043  \\$an-us---
=050  00$aSB123.57$b.I53 2010
=070  0\$aSB123.57$b.N38 2010
=245  04$aThe impact of genetically engineered crops on farm sustainability in the United States /$cCommittee on the Impact of Biotechnology on Farm-Level Economics and Sustainability, Board on Agriculture and Natural Resources, Division on Earth and Life Studies, National Research Council of the National Academies.
=260  \\$aWashington, D.C. :$bNational Academies Press,$cc2010.
=300  \\$axx, 250 p. :$bill. ;$c23 cm.
=336  \\$atext$2rdacontent
=337  \\$aunmediated$2rdamedia
=338  \\$avolume$2rdacarrier
=504  \\$aIncludes bibliographical references.
=505  00$tEnvironmental impacts of genetically engineered crops at the farm level --$tFarm-level economic impacts --$tFarm-system dynamics and social impacts of genetic engineering --$tKey findings, remaining challenges, and future opportunities.
=520  \\$a"Since genetically engineered (GE) crops were introduced in 1996, their use in the United States has grown rapidly, accounting for 80-90 percent of soybean, corn, and cotton acreage in 2009. To date, crops with traits that provide resistance to some herbicides and to specific insect pests have benefited adopting farmers by reducing crop losses to insect damage, by increasing flexibility in time management, and by facilitating the use of more environmentally friendly pesticides and tillage practices. However, excessive reliance on a single technology combined with a lack of diverse farming practices could undermine the economic and environmental gains from these GE crops. Other challenges could hinder the application of the technology to a broader spectrum of crops and uses. Several reports from the National Research Council have addressed the effects of GE crops on the environment and on human health. However, The Impact of Genetically Engineered Crops on Farm Sustainability in the United States is the first comprehensive assessment of the environmental, economic, and social impacts of the GE-crop revolution on U.S. farms. It addresses how GE crops have affected U.S. farmers, both adopters and nonadopters of the technology, their incomes, agronomic practices, production decisions, environmental resources, and personal well-being. The book offers several new findings and four recommendations that could be useful to farmers, industry, science organizations, policy makers, and others in government agencies."--Publisher's description.
=530  \\$aAlso available online.
=650  \0$aCrops$xGenetic engineering$xEconomic aspects$zUnited States.
=650  \0$aAgricultural biotechnology$xEconomic aspects$zUnited States.
=710  2\$aNational Research Council (U.S.).$bCommittee on the Impact of Biotechnology on Farm-Level Economics and Sustainability.
=852  41$aBritish Library$bDSC$jm11/.16668
=856  41$uhttp://www.nap.edu/catalog.php?record_id=12804
=CAT  \\$a8149$b40$c20110531$lBLL01$h1337
=CAT  \\$a10904$b40$c20110623$lBLL01$h1056
=FIN  \\$aY$d20110623
=FMT  \\$a  BK
=LAS  \\$a10904$b40$c20110623$lBLL01$h1056
=SRC  \\$aBLL02

