=LDR  04004 am a2200529 a 4500
=001  015831142
=003  Uk
=005  20110811234154.0
=008  110210s2011\\\\dcu\\\\\\b\\\\000\0\eng\\
=010  \\$a2011004594  
=020  \\$a9780309185233 (hardcover : alk. paper)
=020  \\$a0309185238 (hardcover : alk. paper)
=020  \\$a9780309185240 (pdf : alk. paper)
=020  \\$a0309185246 (pdf : alk. paper)
=035  \\$a(OCoLC)ocn702357628
=040  \\$aDLC$cDLC$dUPM$dYDXCP$dCDX$dDLC$dUk
=042  \\$aukblcatcopy
=050  00$aLB1585$b.L357 2011
=082  00$a372.35044$222
=110  2\$aNational Research Council (U.S.).$bCommittee on Science Learning: Computer Games, Simulations, and Education.
=245  10$aLearning science through computer games and simulations /$cCommittee on Science Learning: Computer Games, Simulations, and Education ; Margaret A. Honey and Margaret L. Hilton, editors ; Board on Science Education, Division of Behavioral and Social Sciences and Education, National Research Council of the National Academies.
=260  \\$aWashington, D.C. :$bNational Academies Press,$cc2011.
=300  \\$axi, 161 p. :$bill. ;$c23 cm.
=336  \\$atext$2rdacontent
=337  \\$aunmediated$2rdamedia
=338  \\$avolume$2rdacarrier
=504  \\$aIncludes bibliographical references (p. 129-148).
=520  \\$aAt a time when scientific and technological competence is vital to the nation's future, the weak performance of U.S. students in science reflects the uneven quality of current science education. Although young children come to school with innate curiosity and intuitive ideas about the world around them, science classes rarely tap this potential. Many experts have called for a new approach to science education, based on recent and ongoing research on teaching and learning. In this approach, simulations and games could play a significant role by addressing many goals and mechanisms for learning science: the motivation to learn science, conceptual understanding, science process skills, understanding of the nature of science, scientific discourse and argumentation, and identification with science and science learning. To explore this potential this book reviews the available research on learning science through interaction with digital simulations and games. It considers the potential of digital games and simulations to contribute to learning science in schools, in informal out-of-school settings, and everyday life. The book also identifies the areas in which more research and research-based development is needed to fully capitalize on this potential. It will guide academic researchers, developers, publishers, and entrepreneurs from the digital simulation and gaming community, and education practitioners and policy makers toward the formation of research and development partnerships that will facilitate rich intellectual collaboration. Industry, government agencies and foundations will play a significant role through start-up and ongoing support to ensure that digital games and simulations will not only excite and entertain, but also motivate and educate.
=530  \\$aAlso available in Open Book format via the National Academies Press home page.
=650  \0$aScience$xStudy and teaching (Elementary)
=650  \0$aScience$xStudy and teaching (Secondary)
=650  \0$aScience$xComputer-assisted instruction.
=650  \0$aInteractive multimedia.
=700  1\$aHoney, Margaret.
=700  1\$aHilton, Margaret L.
=710  2\$aNational Academies Press (U.S.)
=852  41$aBritish Library$bDSC$jm11/.17255
=856  41$uhttp://www.nap.edu/catalog.php?record_id=13078
=BUF  \\$aN2$d20110713
=CAT  \\$aBATCH-APP$b00$c20110621$lBLL01$h2055
=CAT  \\$aBATCH$b00$c20110621$lBLL01$h2056
=CAT  \\$a5512$b40$c20110713$lBLL01$h1647
=CAT  \\$aBATCH-BUOC$b00$c20110811$lBLL01$h2341
=FIN  \\$aY$d20110713
=FMT  \\$a  BK
=LAS  \\$aBATCH-BUOC$b00$c20110811$lBLL01$h2341
=SRC  \\$aBlackwells

