=LDR  03110 am a2200553 a 4500
=001  015838537
=003  Uk
=005  20130411213121.0
=008  110613s2011\\\\dcua\\\\\b\\\\100\0\eng\d
=010  \\$a2011377446  
=020  \\$a9780309160247 (pbk.)
=020  \\$a0309160243 (pbk.)
=035  \\$a(OCoLC)ocn711520935
=040  \\$aYDXCP$cYDXCP$dNRZ$dDLC$dUk
=042  \\$aukblcatcopy
=050  00$aRC311.1$b.E44 2011
=082  04$a616.995061$223$qUK-WkNB
=245  00$aEmerging threat of drug-resistant tuberculosis in southern Africa :$bglobal and local challenges and solution : summary of a joint workshop /$cby the Institute of Medicine and the Academy of Science of South Africa ; Steve Olson, Yeonwoo Lebovitz, and Anne Claiborne, rapporteurs; Forum on Drug Discovery, Development, and Translation, Board of Medicine, Institute of Medicine of the National Academies, and Academy of Science of South Africa.
=260  \\$aWashington, D.C. :$bNational Academies Press,$cc2011.
=300  \\$axviii, 128 p. :$bill. ;$c23 cm.
=336  \\$atext$2rdacontent
=337  \\$aunmediated$2rdamedia
=338  \\$avolume$2rdacarrier
=504  \\$aIncludes bibliographical references (p. 89-93).
=505  0\$aIntroduction -- The incidence of drug-resistant TB in South Africa -- Surveillance and tracking of drug-resistant TB -- Transmission and infection control -- Diganosis of drug-resistant TB -- Treatment of drug-resistant TB -- Drug-resistant TB in children -- Convergence of science and policy to create a blueprint for action.
=520  \\$a"Tuberculosis (TB) kills approximately 4,500 people worldwide every day. While most cases of TB can be treated with antibiotics, some strains have developed drug resistance that makes their treatment more expensive, more toxic and less effective for the patient. The IOM Forum on Drug Discovery, Development, and Translation and the Academy of Science of South Africa held a workshop to discuss ways to fight the growing threat of drug-resistant TB."--Publisher's website.
=530  \\$aAlso available online.
=650  \0$aMultidrug-resistant tuberculosis$xPrevention$zSouth Africa$vCongresses.
=650  \0$aTuberculosis$zSouth Africa$vCongresses.
=650  \0$aDrug resistance$zCongresses.
=700  1\$aClaiborne, Anne B.
=700  1\$aLebovitz, Yeonwoo.
=700  1\$aOlson, Steve,$d1956-
=710  2\$aInstitute of Medicine (U.S.).$bForum on Drug Discovery, Development, and Translation.
=710  2\$aAcademy of Science of South Africa.
=852  41$aBritish Library$bDSC$jm11/.17383
=856  41$uhttp://www.nap.edu/catalog.php?record_id=12993
=985  \\$aCorrected by MS generated file for WR# 13.051
=BUF  \\$aN2$d20110715
=CAT  \\$aBATCH-APP$b00$c20110629$lBLL01$h2226
=CAT  \\$aBATCH$b00$c20110629$lBLL01$h2228
=CAT  \\$a5703$b40$c20110715$lBLL01$h1103
=CAT  \\$aBLSS-CORR$b00$c20130327$lBLL01$h1528
=CAT  \\$aBATCH-BUOC$b00$c20130411$lBLL01$h2130
=FIN  \\$aY$d20110715
=FMT  \\$a  BK
=LAS  \\$aBATCH-BUOC$b00$c20130411$lBLL01$h2130
=SID  \\$aZ39$bLOC
=SRC  \\$aBlackwells

