=LDR  02032 am a2200457 a 4500
=001  015838551
=003  Uk
=005  20110715081017.0
=008  100924s2011\\\\dcua\\\\\b\\\\000\0\eng\d
=020  \\$a0309159628
=020  \\$a9780309159623
=035  \\$a(OCoLC)665196389
=040  \\$aYDXCP$cYDXCP$dNRZ$dUk
=042  \\$aukblderived
=082  04$a520.72$223$qUK-WkNB
=110  2\$aNational Research Council (U.S.).$bCommittee for a Decadal Survey of Astronomy and Astrophysics.
=245  10$aPanel reports--new worlds, new horizons in astronomy and astrophysics /$cScience Frontiers Panels, Program Prioritization Panels, Committee for a Decadal Survey of Astronomy and Astrophysics, Board on Physics and Astronomy, Space Studies Board, Division on Engineering and Physical Sciences, National Research Council of the National Academies.
=246  30$aNew worlds, new horizons in astronomy and astrophysics: panel reports
=260  \\$aWashington, D.C. :$bNational Academies Press,$cc2011.
=300  \\$axxvi, 551 p. :$bill. ;$c26 cm.
=336  \\$atext$2rdacontent
=337  \\$aunmediated$2rdamedia
=338  \\$avolume$2rdacarrier
=504  \\$aIncludes bibliographical references.
=530  \\$aAlso available online.
=650  \0$aAstronomy$xResearch$xForecasting.
=650  \0$aAstrophysics$xResearch$xForecasting.
=650  \0$aResearch$xInternational cooperation.
=710  2\$aNational Research Council (U.S.).$bScience Frontiers Panels.
=710  2\$aNational Research Council (U.S>).$bProgram Prioritizaiton Panels.
=852  41$aBritish Library$bDSC$jm11/.17394
=856  41$uhttp://www.nap.edu/catalog.php?record_id=12982
=985  \\$aCorrected by MS generated file for WR# 13.051
=CAT  \\$aBATCH-APP$b00$c20110629$lBLL01$h2226
=CAT  \\$aBATCH$b00$c20110629$lBLL01$h2228
=CAT  \\$a11131$b40$c20110715$lBLL01$h0810
=CAT  \\$aBLSS-CORR$b00$c20130327$lBLL01$h1528
=FIN  \\$aY$d20110715
=FMT  \\$a  BK
=LAS  \\$aBLSS-CORR$b00$c20130327$lBLL01$h1528
=SID  \\$aZ39$bOCLC

