=LDR  03300 am a2200601 a 4500
=001  015843750
=003  Uk
=005  20111125001401.0
=008  110615s2011\\\\dcua\\\\\b\\\\000\0\eng\c
=010  \\$a2011377494  
=020  \\$a0309160189
=020  \\$a9780309160186
=035  \\$a(OCoLC)ocn694600780
=040  \\$aYDXCP$cYDXCP$dUPM$dBWX$dUBY$dDLC$dUk
=042  \\$aukblcatcopy
=043  \\$af------$an-us---
=050  00$aRA643.86.A35$bI55 2011
=082  04$a614.599392096$223$qUK-WkNB
=110  2\$aInstitute of Medicine (U.S.).$bCommittee on Envisioning a Strategy to Prepare for the Long-Term Burden of HIV/AIDS: African Needs and U.S. Interests.
=245  10$aPreparing for the future of HIV/AIDS in Africa :$ba shared responsibility /$cCommittee on Envisioning a Strategy to Prepare for the Long-Term Burden of HIV/AIDS: African Needs and U.S. Interests, Board on Global Health, Institute of Medicine of the National Academies ; [editor, Rona Briere].
=260  \\$aWashington, D.C. :$bNational Academies Press,$cc2011.
=300  \\$axi, 216 p. :$bill. (chiefly col.) ;$c23 cm.
=336  \\$atext$2rdacontent
=337  \\$aunmediated$2rdamedia
=338  \\$avolume$2rdacarrier
=504  \\$aIncludes bibliographical references.
=505  0\$aIntroduction -- The future impact of current decisions -- The burden of HIV/AIDS: implications for U.S. interests -- The burden of HIV/AIDS: implications for African states and societies -- Strategies to build capacity for prevention, treatment, and care of HIV/AIDS in Africa -- Strategies to ensure ethical decision-making capacity for HIV/AIDS: policy and programming in Africa.
=520  \\$aHIV/AIDS is a catastrophe globally but nowhere more so than in sub-Saharan Africa, which in 2008 accounted for 67 percent of cases worldwide and 91 percent of new infections. The Institute of Medicine recommends that the United States and African nations move toward a strategy of shared responsibility such that these nations are empowered to take ownership of their HIV/AIDS problem and work to solve it.
=530  \\$aAlso available in Open Book format via the National Academies Press home page.
=650  \0$aHIV infections$xTreatment$zAfrica.
=650  \0$aHIV infections$zAfrica$xCosts.
=650  \0$aHIV infections$xTreatment$xGovernment policy$zUnited States.
=650  \0$aAIDS (Disease)$xTreatment$zAfrica.
=650  \0$aAIDS (Disease)$zAfrica$xCosts.
=650  \0$aAIDS (Disease)$xTreatment$xGovernment policy$zUnited States.
=650  \0$aAIDS (Disease)$xTreatment$xInternational cooperation.
=650  \0$aMedical assistance, American.
=700  1\$aBriere, Rona.
=710  2\$aNational Academies Press (U.S.)
=852  41$aBritish Library$bDSC$jm11/.17689
=856  41$uhttp://www.nap.edu/catalog.php?record_id=12991
=985  \\$aCorrected by MS generated file for WR# 13.051
=BUF  \\$aN2$d20110725
=CAT  \\$aBATCH-APP$b00$c20110707$lBLL01$h2237
=CAT  \\$aBATCH$b00$c20110707$lBLL01$h2238
=CAT  \\$a5703$b40$c20110725$lBLL01$h0919
=CAT  \\$aBATCH-BUOC$b00$c20111125$lBLL01$h0013
=CAT  \\$aBLSS-CORR$b00$c20130327$lBLL01$h1528
=FIN  \\$aY$d20110725
=FMT  \\$a  BK
=LAS  \\$aBLSS-CORR$b00$c20130327$lBLL01$h1528
=SID  \\$aZ39$bLOC
=SRC  \\$aBlackwells

