=LDR  02797 am a2200565 a 4500
=001  015847571
=003  Uk
=005  20110729095410.0
=008  110725s2011\\\\dcua\\\\\b\\\\000\0\eng\c
=010  \\$a2011377915
=020  \\$a9780309162548 (pbk.)
=020  \\$a0309162548 (pbk.)
=035  \\$a(DLC)16888770
=035  \\$a(DLC)2011377915
=035  \\$a(OCoLC)ocn705518867
=040  \\$aYDXCP$cYDXCP$dNRZ$dUPM$dDLC$dUk
=042  \\$aukblderived
=043  \\$an-us---
=050  00$aRA644.I6$bP738 2011
=082  04$a614.5180973$223$qUK-WkNB
=245  00$aPreventing transmission of pandemic influenza and other viral respiratory diseases :$bpersonal protective equipment for healthcare workers : update 2010 /$cCommittee on Personal Protective Equipment for Healthcare Personnel to Prevent Transmission of Pandemic Influenza and Other Viral Respiratory Infections: Current Research Issues, Board on Health Sciences Policy, Elaine L. Larson and Catharyn T. Liverman, editors, Institute of Medicine of the National Academies.
=260  \\$aWashington, D.C. :$bNational Academies Press,$cc2011.
=300  \\$axii, 187 p. :$bill. ;$c23 cm.
=336  \\$atext$2rdacontent
=337  \\$aunmediated$2rdamedia
=338  \\$avolume$2rdacarrier
=504  \\$aIncludes bibliographical references.
=505  0\$aIntroduction -- Understanding the risk to healthcare personnel -- Designing and engineering effective PPE -- Using PPE : individual and organizational issues -- Policy research and implementation : healthcare systems, standards, and certification.
=530  \\$aAlso available in Open Book format via the National Academies Press home page.
=650  \0$aInfluenza$xPrevention.
=650  \0$aEmergency medical personnel$zUnited States$xSafety measures.
=650  \0$aCommunicable diseases$xPrevention.
=650  \0$aProtective clothing.
=650  \0$aIndustrial safety$xEquipment and supplies.
=700  1\$aLarson, Elaine.
=700  1\$aLiverman, Catharyn T.
=710  2\$aInstitute of Medicine (U.S.).$bCommittee on Personal Protective Equipment for Healthcare Personnel to Prevent Transmission of Pandemic Influenza and Other Viral Respiratory Infections: Current Research Issues.
=852  41$aBritish Library$bDSC$jm11/.17964
=856  41$uhttp://www.nap.edu/catalog.php?record_id=13027
=985  \\$aCorrected by MS generated file for WR# 13.051
=CAT  \\$aBATCH-APP$b00$c20110712$lBLL01$h2053
=CAT  \\$aBATCH$b00$c20110712$lBLL01$h2054
=CAT  \\$a10904$b40$c20110727$lBLL01$h0801
=CAT  \\$a10904$b40$c20110727$lBLL01$h0802
=CAT  \\$a6933$b40$c20110729$lBLL01$h0954
=CAT  \\$aBLSS-CORR$b00$c20130327$lBLL01$h1528
=FIN  \\$aY$d20110727
=FMT  \\$a  BK
=LAS  \\$aBLSS-CORR$b00$c20130327$lBLL01$h1528
=SID  \\$aZ39$bLOC

