=LDR  02813 am a2200541 a 4500
=001  015853385
=003  Uk
=005  20110803112323.0
=008  110323s2011\\\\dcua\\\\\b\\\\100\0\eng\c
=020  \\$a0309161851
=020  \\$a9780309161855
=035  \\$a(OCoLC)708327327
=040  \\$aYDXCP$cYDXCP$dMMU$dUPM$dIXA$dCDX$dUBY$dCOO$dUk
=042  \\$aukblderived
=050  \4$aRA440$b.I56 2011
=082  04$a613.071$223$qUK-WkNB
=245  00$aInnovations in health literacy research :$bworkshop summary /$cCori Vancheri, rapporteur ; Roundtable on Health Literacy, Board on Population Health and Public Health Practice, Institute of Medicine of the National Academies.
=260  \\$aWashington, D.C. :$bNational Academies Press,$cc2011.
=300  \\$axiv, 95 p. :$bill. ;$c23 cm.
=336  \\$atext$2rdacontent
=337  \\$aunmediated$2rdamedia
=338  \\$avolume$2rdacarrier
=504  \\$aIncludes bibliographical references.
=505  0\$aReport on the first annual research on health literacy conference -- Role of health literacy in health disparities research -- Role of health literacy in health information technology -- Professional development in health literacy research -- Call to action -- Health literacy research contributions to the national action plan -- Lessons learned from the workshop.
=520  \\$aNearly nine out of 10 adults have difficulty using everyday health information to make good health decisions. The IOM Roundtable on Health Literacy held a meeting on May 27, 2010, to explore areas for research in health literacy, the relationship between health literacy and health disparities, and ways to apply information technology to improve health literacy.--Publisher's description.
=530  \\$aAlso available in Open Book format via the National Academies Press home page.
=650  \0$aHealth education$vCongresses.
=650  \0$aLiteracy$xHealth aspects$vCongresses.
=650  \0$aCommunication in medicine$vCongresses.
=650  \0$aConsumer-driven health care$vCongresses.
=650  12$aHealth Literacy$vCongresses.
=650  22$aResearch$vCongresses.
=655  \0$aElectronic books.
=700  1\$aVancheri, Cori.
=710  2\$aInstitute of Medicine (U.S.).$bRoundtable on Health Literacy.
=710  2\$aNational Academies Press (U.S.)
=852  41$aBritish Library$bDSC$jm11/.18143
=856  41$uhttp://www.nap.edu/catalog.php?record_id=13016
=985  \\$aCorrected by MS generated file for WR# 13.051
=CAT  \\$aBATCH-APP$b00$c20110721$lBLL01$h2220
=CAT  \\$aBATCH$b00$c20110721$lBLL01$h2222
=CAT  \\$a5512$b40$c20110803$lBLL01$h1123
=CAT  \\$aBLSS-CORR$b00$c20130327$lBLL01$h1528
=FIN  \\$aY$d20110803
=FMT  \\$a  BK
=LAS  \\$aBLSS-CORR$b00$c20130327$lBLL01$h1528
=SID  \\$aZ39$bOCLC
=SRC  \\$aBlackwells

