=LDR  03063 am a22005297a 4500
=001  015853392
=003  Uk
=005  20110802073508.0
=008  110323s2011\\\\dcu\\\\\\b\\\\000\0\eng\c
=020  \\$a0309185076
=020  \\$a9780309185073
=035  \\$a(OCoLC)708327336
=040  \\$aYDXCP$cYDXCP$dNRZ$dUPM$dUBY$dCDX$dUk
=042  \\$aukblderived
=043  \\$an-us---
=050  04$aRA643.83$b.I575 2011
=082  04$a362.196979200973$222
=110  2\$aInstitute of Medicine (U.S.).$bCommittee on HIV Screening and Access to Care.
=245  10$aHIV screening and access to care :$bhealth care system capacity for increased HIV testing and provision of care /$cCommittee on HIV Screening and Access to Care, Board on Population Health and Public Health Practice, Institute of Medicine of the National Academies.
=260  \\$aWashington, D.C. :$bNational Academies Press,$cc2011.
=300  \\$axvii, 96 p. ;$c23 cm.
=336  \\$atext$2rdacontent
=337  \\$aunmediated$2rdamedia
=338  \\$avolume$2rdacarrier
=504  \\$aIncludes bibliographical references (p. 65-71).
=505  0\$aReport organization -- Background -- Expanded HIV testing -- Where persons with HIV currently receive care -- HIV-related training and experience of HIV care providers -- The capacity of the HIV/AIDS care delivery system -- Delivery system strategies to maximize capacity of current workforce -- Strategies to increase the number of providers entering and remaining in the HIV/AIDS workforce -- Impact of the Affordable Care Act on the public health and clinical infrastructure -- Summary.
=520  \\$aIncreased HIV screening may help identify more people with the disease, but there may not be enough resources to provide them with the care they need. The Institute of Medicine's Committee on HIV Screening and Access to Care concludes that more practitioners must be trained in HIV/AIDS care and treatment and their hospitals, clinics, and health departments must receive sufficient funding to meet a growing demand for care.
=530  \\$aAlso available in Open Book format via the National Academies Press home page.
=650  \0$aHIV-positive persons$xCare$xGovernment policy$zUnited States.
=650  \0$aHIV-positive persons$xCounseling of$zUnited States.
=650  \0$aHIV infections$xTreatment$xGovernment policy$zUnited States.
=650  \0$aHIV infections$zUnited States.
=650  \0$aAIDS (Disease)$xPatients$xCounseling of.
=690  7\$aSocial Welfare$2blcoll
=852  41$aBritish Library$bDSC$jm11/.18158
=856  41$uhttp://www.nap.edu/catalog.php?record_id=13074
=CAT  \\$aBATCH-APP$b00$c20110721$lBLL01$h2220
=CAT  \\$aBATCH$b00$c20110721$lBLL01$h2222
=CAT  \\$a11002$b40$c20110802$lBLL01$h0735
=CAT  \\$aBATCH-SWP$c20110818$lBLL01$h0959
=CAT  \\$aBATCH-SWP$c20110819$lBLL01$h2349
=CAT  \\$aBATCH-UPD$b00$c20110822$lBLL01$h1421
=CAT  \\$aBATCH$b00$c20110822$lBLL01$h1439
=FIN  \\$aY$d20110802
=FMT  \\$a  BK
=LAS  \\$aBATCH$b00$c20110822$lBLL01$h1439
=SID  \\$aZ39$bOCLC

