=LDR  02974 am a2200493 a 4500
=001  015853424
=003  Uk
=005  20110803093312.0
=008  110506s2011\\\\dcua\\\\\b\\\\000\0\eng\\
=020  \\$a0309164192
=020  \\$a9780309164191
=035  \\$a(OCoLC)720652362
=040  \\$aNRZ$cNRZ$dUBY$dYDXCP$dNDD$dCDX$dUPM$dGSU$dUk
=042  \\$aukblderived
=050  \4$aRA643.83$b.I585 2011
=082  04$a614.5993920973$223$qUK-WkNB
=110  2\$aInstitute of Medicine (U.S.).$bCommittee on HIV Screening and Access to Care.
=245  10$aHIV screening and access to care :$bexploring the impact of policies on access to and provision of HIV Care /$cCommittee on HIV Screening and Access to Care, Board on Population Health and Public Health Practice, Institute of Medicine of the National Academies.
=260  \\$aWashington, D.C. :$bNational Academies Press,$cc2011.
=300  \\$axvii, 96 p. :$bill. ;$c23 cm.
=336  \\$atext$2rdacontent
=337  \\$aunmediated$2rdamedia
=338  \\$avolume$2rdacarrier
=504  \\$aIncludes bibliographical references (p.65-73).
=505  0\$aHIV Screening and Access to Care: Exploring the Impact of Policies on Access to and Provision of HIV Care -- Report Organization -- Background -- Policies That Promote or Inhibit Clinical Care Services Among Agencies at the Federal Level, State Level, or Between Federal and State Agencies -- How Federal and State Agencies Can Provide More Integrated HIV Care Services -- HIV Medication Adherence Programs -- Payment for Treatment of Earlier Stage HIV Infection -- Conclusions.
=520  \\$a"With the widespread use of highly active anti-retroviral treatment (HAART), HIV has become a chronic, rather than a fatal, disease. But for their treatment to succeed, patients require uninterrupted care from a health care provider and uninterrupted access to anti-HIV medications. The IOM identifies federal, state, and private health insurance policies that inhibit HIV-positive individuals from initiating or continuing their care."--Publisher's description.
=530  \\$aAlso available in Open Book format via the National Academies Press home page.
=650  \0$aHIV infections$xTreatment$xGovernment policy.
=650  \0$aHIV-positive persons$xCare$xGovernment policy$zUnited States.
=650  \0$aHIV-positive persons$xCounseling of$zUnited States.
=650  \0$aHIV infections$zUnited States.
=650  \0$aAIDS (Disease)$xPatients$xCounseling of.
=852  41$aBritish Library$bDSC$jm11/.18131
=856  41$uhttp://www.nap.edu/catalog.php?record_id=13057
=985  \\$aCorrected by MS generated file for WR# 13.051
=CAT  \\$aBATCH-APP$b00$c20110721$lBLL01$h2220
=CAT  \\$aBATCH$b00$c20110721$lBLL01$h2222
=CAT  \\$a5512$b40$c20110803$lBLL01$h0933
=CAT  \\$aBLSS-CORR$b00$c20130327$lBLL01$h1528
=FIN  \\$aY$d20110803
=FMT  \\$a  BK
=LAS  \\$aBLSS-CORR$b00$c20130327$lBLL01$h1528
=SID  \\$aZ39$bOCLC
=SRC  \\$aBlackwells

