=LDR  03171 am a2200481 a 4500
=001  015853425
=003  Uk
=005  20110803092606.0
=008  110323s2011\\\\dcua\\\\\b\\\\000\0\eng\c
=020  \\$a0309186374
=020  \\$a9780309186377
=035  \\$a(OCoLC)708327334
=040  \\$aYDXCP$cYDXCP$dNRZ$dUPM$dUBY$dGSU$dUk
=042  \\$aukblderived
=043  \\$an-us---
=050  \4$aRA407.3$b.L432 2011
=082  04$a614.4273$223$qUK-WkNB
=245  00$aLeading health indicators for healthy people 2020 :$bletter report /$cCommittee on Leading Health Indicators for Healthy People 2020, Board on Population Health and Public Health Practice, Institute of Medicine of the National Academies.
=260  \\$aWashington, D.C. :$bNational Academies Press,$cc2011.
=300  \\$axiii, 84 p. :$bill. ;$c23 cm.
=336  \\$atext$2rdacontent
=337  \\$aunmediated$2rdamedia
=338  \\$avolume$2rdacarrier
=504  \\$aIncludes bibliographical references (p. 56-64).
=505  0\$aHealthy People 2020 -- Recommendations -- Committee Process -- Principles And Purpose -- Framework For Selecting Indicators And Objectives -- Objectives -- Topics And Indicators -- Importance Of Objectives -- Suggestions For Unpopulated Healthy People 2020 Topic Areas.
=520  \\$a"For the past three decades, the Department of Health and Human Services (HHS) has issued a national agenda aimed at improving the health of all Americans over each 10-year span. Under each of these Healthy People initiatives, HHS established health targets and monitored how well people were reaching them over time. In response to a request from the Department of Health and Human Services (HHS), the Institute of Medicine (IOM) established the Committee on Leading Health Indicators for Healthy People 2020 to develop and recommend 12 indicators and 24 objectives for consideration by HHS for guiding a national health agenda and for consideration for inclusion in Healthy People 2020. The work of the committee built upon the 1999 IOM report, Leading Health Indicators for Healthy People 2010, and on the work of the Committee on the State of the USA Health Indicators. Leading Health Indicators for Healthy People 2020 lays out the proposed agenda for the current decade, which will end in 2020."--Publisher's description.
=530  \\$aAlso available in Open Book format via the National Academies Press home page.
=650  \0$aHealth status indicators$zUnited States.
=650  \0$aPublic health$zUnited States.
=650  \0$aHealth surveys$zUnited States.
=710  2\$aInstitute of Medicine (U.S.).$bCommittee on Leading Health Indicators for Healthy People 2020.
=852  41$aBritish Library$bDSC$jm11/.18126
=856  41$uhttp://www.nap.edu/catalog.php?record_id=13088
=985  \\$aCorrected by MS generated file for WR# 13.051
=CAT  \\$aBATCH-APP$b00$c20110721$lBLL01$h2220
=CAT  \\$aBATCH$b00$c20110721$lBLL01$h2222
=CAT  \\$a5512$b40$c20110803$lBLL01$h0926
=CAT  \\$aBLSS-CORR$b00$c20130327$lBLL01$h1528
=FIN  \\$aY$d20110803
=FMT  \\$a  BK
=LAS  \\$aBLSS-CORR$b00$c20130327$lBLL01$h1528
=SID  \\$aZ39$bOCLC
=SRC  \\$aBlackwells

