=LDR  03636 am a2200457 a 4500
=001  015862442
=003  Uk
=005  20110816082717.0
=008  110610s2011\\\\dcua\\\\\b\\\\000\0\eng\c
=020  \\$a9780309211932
=020  \\$a030921193X
=035  \\$a(OCoLC)730412364
=040  \\$aBTCTA$beng$cBTCTA$dUPM$dYDXCP$dUk
=042  \\$aukblderived
=050  \4$aTP248.F6$bN387 2011
=082  04$a344.04626$223$qUK-WkNB
=110  2\$aNational Research Council (U.S.).$bCommittee to Review EPA's Draft IRIS Assessment of Formaldehyde.
=245  10$aReview of the Environmental Protection Agency's draft IRIS assessment of formaldehyde /$cCommittee to Review EPA's Draft IRIS Assessment of Formaldehyde, Board on Environmental Studies and Toxicology, Division on Earth and Life Studies, National Research Council of the National Academies.
=260  \\$aWashington, D.C. :$bNational Academies Press,$cc2011.
=300  \\$axiii, 190 p. :$bill. ;$c23 cm.
=336  \\$atext$2rdacontent
=337  \\$aunmediated$2rdamedia
=338  \\$avolume$2rdacarrier
=504  \\$aIncludes bibliographical references.
=520  \\$aFormaldehyde is ubiquitous in indoor and outdoor air, and everyone is exposed to formaldehyde at some concentration daily. Formaldehyde is used to produce a wide array of products, particularly building materials; it is emitted from many sources, including power plants, cars, gas and wood stoves, and cigarettes; it is a natural product in some foods; and it is naturally present in the human body as a metabolic intermediate. Much research has been conducted on the health effects of exposure to formaldehyde, including effects on the upper airway, where formaldehyde is deposited when inhaled, and effects on tissues distant from the site of initial contact. The U.S. Environmental Protection Agency (EPA) released noncancer and cancer assessments of formaldehyde for its Integrated Risk Information System (IRIS) in 1990 and 1991, respectively. The agency began reassessing formaldehyde in 1998 and released a draft IRIS assessment in June 2010. Given the complexity of the issues and the knowledge that the assessment will be used as the basis of regulatory decisions, EPA asked the National Research Council (NRC) to conduct an independent scientific review of the draft IRIS assessment. In this report, the Committee to Review EPA's Draft IRIS Assessment of Formaldehyde first addresses some general issues associated with the draft IRIS assessment. The committee next focuses on questions concerning specific aspects of the draft assessment, including derivation of the reference concentrations and the cancer unit risk estimates for formaldehyde. The committee closes with recommendations for improving the IRIS assessment of formaldehyde and provides some general comments on the IRIS development process.
=530  \\$aAlso available in Open Book format via the National Academies Press home page.
=610  10$aUnited States.$bEnvironmental Protection Agency.
=650  \0$aFormaldehyde$xToxicology.
=650  \0$aFormaldehyde$xRisk assessment.
=710  1\$aUnited States.$bEnvironmental Protection Agency.
=710  2\$aNational Academies Press (U.S.)
=852  41$aBritish Library$bDSC$jm11/.18610
=856  41$uhttp://www.nap.edu/catalog.php?record_id=13142
=985  \\$aCorrected by MS generated file for WR# 13.051
=CAT  \\$aBATCH-APP$b00$c20110804$lBLL01$h2221
=CAT  \\$a11131$b40$c20110816$lBLL01$h0827
=CAT  \\$aBLSS-CORR$b00$c20130327$lBLL01$h1528
=FIN  \\$aY$d20110816
=FMT  \\$a  BK
=LAS  \\$aBLSS-CORR$b00$c20130327$lBLL01$h1528
=SID  \\$aZ39$bOCLC

