=LDR  03153 am a22004817a 4500
=001  015878000
=003  Uk
=005  20110907164624.0
=008  110610s2011\\\\dcua\\\\\b\\\\100\0\eng\c
=020  \\$a9780309211048
=020  \\$a0309211042
=035  \\$a(OCoLC)730412357
=040  \\$aBTCTA$beng$cBTCTA$dNRZ$dUPM$dYDXCP$dUk
=042  \\$aukblderived
=050  \4$aQH437$b.G454 2011
=082  04$a616.0420027$223$qUK-WkNB
=245  00$aGenerating evidence for genomic diagnostic test development :$bworkshop summary /$cTheresa Wizemann and Adam C. Berger, rapporteurs ; Roundtable on Translating Genomic-Based Research for Health, Board on Health Sciences Policy, Institute of Medicine of the National Academies.
=260  \\$aWashington, D.C. :$bNational Academies Press,$cc2011.
=300  \\$axx, 85 p. :$bill. ;$c23 cm.
=336  \\$atext$2rdacontent
=337  \\$aunmediated$2rdamedia
=338  \\$avolume$2rdacarrier
=504  \\$aIncludes bibliographical references (p. 63-66).
=520  \\$a"Ten years after the sequencing of the human genome, scientists have developed genetic tests that can predict a person's response to certain drugs, estimate the risk of developing Alzheimer's disease, and make other predictions based on known links between genes and diseases. However, genetic tests have yet to become a routine part of medical care, in part because there is not enough evidence to show they help improve patients' health.The Institute of Medicine (IOM) held a workshop to explore how researchers can gather better evidence more efficiently on the clinical utility of genetic tests. Generating Evidence for Genomic Diagnostic Test Development compares the evidence that is required for decisions regarding clearance, use, and reimbursement, to the evidence that is currently generated. The report also addresses innovative and efficient ways to generate high-quality evidence, as well as barriers to generating this evidence. Generating Evidence for Genomic Diagnostic Test Development contains information that will be of great value to regulators and policymakers, payers, health-care providers, researchers, funders, and evidence-based review groups."--Publisher's description.
=530  \\$aAlso available in Open Book format via the National Academies Press home page.
=650  \0$aGenomics$vCongresses.
=650  \0$aHuman chromosome abnormalities$xDiagnosis$vCongresses.
=650  \0$aGenetic counseling$vCongresses.
=650  \0$aGenetic disorders$xDiagnosis$vCongresses.
=700  1\$aWizemann, Theresa M.
=700  1\$aBerger, Adam C.
=710  2\$aInstitute of Medicine (U.S.).$bRoundtable on Translating Genomic-Based Research for Health.
=852  41$aBritish Library$bDSC$jm11/.19180
=856  41$uhttp://www.nap.edu/catalog.php?record_id=13133
=985  \\$aCorrected by MS generated file for WR# 13.051
=CAT  \\$aBATCH-APP$b00$c20110826$lBLL01$h2101
=CAT  \\$a5512$b40$c20110907$lBLL01$h1646
=CAT  \\$aBLSS-CORR$b00$c20130327$lBLL01$h1528
=FIN  \\$aY$d20110907
=FMT  \\$a  BK
=LAS  \\$aBLSS-CORR$b00$c20130327$lBLL01$h1528
=SID  \\$aZ39$bOCLC
=SRC  \\$aBlackwells

