=LDR  03618 am a22005177a 4500
=001  015891882
=003  Uk
=005  20110927130420.0
=008  110610s2011\\\\dcua\\\\\b\\\\100\0\eng\c
=020  \\$a9780309162975
=020  \\$a0309162971
=035  \\$a(OCoLC)730412363
=040  \\$aBTCTA$beng$cBTCTA$dUPM$dYDXCP$dOCLCQ$dUk
=042  \\$aukblderived
=043  \\$ae-ur---
=050  \4$aRA644.T7$bN39 2011
=082  04$a614.409542$223$qUK-WkNB
=245  04$aThe new profile of drug-resistant tuberculosis in Russia :$ba global and local perspective : summary of a joint workshop by the Institute of Medicine and the Russian Academy of Medical Science /$cSteve Olsen, Rebecca English, and Anne Claiborne, rapporteurs ; Forum on Drug Discovery, Development, and Translation, Board on Health Sciences Policy, Institute of Medicine of the National Academies and Russian Academy of Medical Sciences.
=260  \\$aWashington, D.C. :$bNational Academies Press,$cc2011.
=300  \\$axviii, 139 p. :$bill. (some col.) ;$c23 cm.
=336  \\$atext$2rdacontent
=337  \\$aunmediated$2rdamedia
=338  \\$avolume$2rdacarrier
=504  \\$aIncludes bibliographical references (p. 109-111).
=520  \\$aAn estimated 2 billion people, one third of the global population, are infected with Mycobacterium tuberculosis, the bacterium that causes tuberculosis. Spread through the air, this infectious disease killed 1.7 million in 2009, and is the leading killer of people with HIV. Tuberculosis (TB) is also a disease of poverty--the vast majority of tuberculosis deaths occur in the developing world. Exacerbating the devastation caused by TB is the growing threat of drug-resistant forms of the disease in many parts of the world. Drug-resistant tuberculosis presents a number of significant challenges in terms of controlling its spread, diagnosing patients quickly and accurately, and using drugs to treat patients effectively. In Russia in recent decades, the rise of these strains of TB, resistant to standard antibiotic treatment, has been exacerbated by the occurrence of social, political, and economic upheavals. The Institute of Medicine (IOM) Forum on Drug Discovery, Development, and Translation, in conjunction with the Russian Academy of Medical Sciences held a workshop to discuss ways to fight the growing threat of drug-resistant TB. This book presents information from experts on the nature of this threat and how it can be addressed by exploring various treatment and diagnostic options.
=530  \\$aAlso available in Open Book format via the National Academies Press home page.
=650  \0$aMultidrug-resistant tuberculosis$vCongresses.
=650  \0$aMultidrug-resistant tuberculosis$zRussia$vCongresses.
=650  \0$aMycobacterium tuberculosis$vCongresses.
=650  \0$aAntitubercular agents$vCongresses.
=700  1\$aOlson, Steve,$d1956-
=700  1\$aEnglish, Rebecca A.
=700  1\$aClaiborne, Anne B.
=710  2\$aInstitute of Medicine (U.S.).$bForum on Drug Discovery, Development, and Translation.
=710  2\$aRossiĭskai︠a︡ akademii︠a︡ medit︠s︡inskikh nauk.
=852  41$aBritish Library$bDSC$jm11/.19784
=856  41$uhttp://www.nap.edu/openbook.php?record_id=13033
=985  \\$aCorrected by MS generated file for WR# 13.051
=CAT  \\$aBATCH-APP$b00$c20110914$lBLL01$h2229
=CAT  \\$a11131$b40$c20110927$lBLL01$h0933
=CAT  \\$a8962$b40$c20110927$lBLL01$h1304
=CAT  \\$aBLSS-CORR$b00$c20130327$lBLL01$h1528
=FIN  \\$aY$d20110927
=FMT  \\$a  BK
=LAS  \\$aBLSS-CORR$b00$c20130327$lBLL01$h1528
=SID  \\$aZ39$bOCLC

