=LDR  03772aam a2200529 a 4500
=001  015892499
=003  Uk
=005  20110926103421.0
=008  110610s2011\\\\dcua\\\\\b\\\\100\0\eng\c
=020  \\$a9780309214971
=020  \\$a0309214971
=035  \\$a(OCoLC)730412352
=040  \\$aBTCTA$beng$cBTCTA$dNRZ$dYDXCP$dBWX$dNRC$dUPM$dUk
=042  \\$aukblderived
=043  \\$an-us---
=050  \4$aHB849.49$b.F88 2011
=082  04$a304.607230973$223$qUK-WkNB
=245  04$aThe future of federal household surveys :$bsummary of a workshop /$cKrisztina Marton and Jennifer C. Karberg, rapporteurs ; Committee on National Statistics, Division of Behavioral and Social Sciences and Education, National Research Council of the National Academies.
=260  \\$aWashington, D.C. :$bNational Academies Press,$cc2011.
=300  \\$ax, 102 p. :$bill. ;$c23 cm.
=336  \\$atext$2rdacontent
=337  \\$aunmediated$2rdamedia
=338  \\$avolume$2rdacarrier
=504  \\$aIncludes bibliographical references.
=504  \\$aIncludes bibliographical references (p. 97-98).
=505  0\$aThe Federal household survey system at a crossroads -- Sampling frames -- Collection of household data -- End of day 1 : Discussant Remarks and Floor Discussion -- Small-area estimation -- Survey content -- Discussion and next steps.
=520  \\$a"Federal household surveys today face several significant challenges including: increasing costs of data collection, declining response rates, perceptions of increasing response burden, inadequate timeliness of estimates, discrepant estimates of key indicators, inefficient and considerable duplication of some survey content, and instances of gaps in needed research and analysis. The Workshop on the Future of Federal Household Surveys, held at the request of the U.S. Census Bureau, was designed to address the increasing concern among many members of the federal statistical system that federal household data collections in their current form are unsustainable. The workshop brought together leaders in the statistical community to discuss opportunities for enhancing the relevance, quality, and cost-effectiveness of household surveys sponsored by the federal statistical system. The future of federal household surveys is a factual summary of the presentations and related discussions that transpired during the workshop. This summary includes a number of solutions that range from methodological approaches, such as the use of administrative data, to emphasis on interagency cooperative efforts."--Publisher's description.
=530  \\$aAlso available online in Open Book format via the National Academies Press home page.
=630  00$aAmerican community survey$xTechnological innovations$xEvaluation$vCongresses.
=650  \0$aHousehold surveys$xTechnological innovations$zUnited States$xEvaluation$vCongresses.
=650  \0$aAdministrative agencies$zUnited States$xStatistical services$vCongresses.
=650  \0$aSocial surveys$zUnited States$xEvaluation$vCongresses.
=651  \0$aUnited States$xPopulation$vCongresses.
=700  1\$aMarton, Krisztina.
=700  1\$aKarberg, Jennifer C.
=710  2\$aNational Research Council (U.S.).$bCommittee on National Statistics.
=711  2\$aWorkshop on the Future of Federal Household Surveys$d(2010 :$cWashington, D.C.)
=852  41$aBritish Library$bDSC$jm11/.19716
=856  41$uhttp://www.nap.edu/catalog.php?record_id=13174
=985  \\$aCorrected by MS generated file for WR# 13.051
=CAT  \\$aBATCH-APP$b00$c20110915$lBLL01$h2219
=CAT  \\$a11131$b40$c20110926$lBLL01$h1034
=CAT  \\$aBLSS-CORR$b00$c20130327$lBLL01$h1528
=FIN  \\$aY$d20110926
=FMT  \\$a  BK
=LAS  \\$aBLSS-CORR$b00$c20130327$lBLL01$h1528
=SID  \\$aZ39$bOCLC

