=LDR  03225 am a2200529   4500
=001  015901993
=003  Uk
=005  20111017135459.0
=008  110610s2011\\\\dcuab\\\\b\\\\000\0\eng\c
=020  \\$a9780309187336
=020  \\$a0309187338
=035  \\$a(OCoLC)730412354
=040  \\$aNhCcYBP$cNhCcYBP$dUk
=042  \\$aukblcatcopy
=043  \\$an-us---
=050  \4$aTD898.118$b.N374 2011
=082  04$a363.7289097$223$qUK-WkNB
=110  2\$aNational Research Council (U.S.).$bCommittee on Waste Forms Technology and Performance.
=245  10$aWaste forms technology and performance :$bfinal report /$cCommittee on Waste Forms Technology and Performance, Nuclear and Radiation Studies Board, Division of Earth and Life Studies, National Research Council of the National Academies.
=260  \\$aWashington, D.C. :$bNational Academies Press,$cc2011.
=300  \\$axiii, 294 p. :$bill. (some col.), col. map ;$c23 cm.
=336  \\$atext$2rdacontent
=337  \\$aunmediated$2rdamedia
=338  \\$avolume$2rdacarrier
=504  \\$aIncludes bibliographical references.
=520  \\$a"The Department of Energy's Office of Environmental Management (DOE-EM) is responsible for cleaning up radioactive waste and environmental contamination resulting from five decades of nuclear weapons production and testing. A major focus of this program involves the retrieval, processing, and immobilization of waste into stable, solid waste forms for disposal. Waste Forms Technology and Performance, a report requested by DOE-EM, examines requirements for waste form technology and performance in the cleanup program. The report provides information to DOE-EM to support improvements in methods for processing waste and selecting and fabricating waste forms. Waste forms technology and performance places particular emphasis on processing technologies for high-level radioactive waste, DOE's most expensive and arguably most difficult cleanup challenge. The report's key messages are presented in ten findings and one recommendation."--Publisher's description.
=530  \\$aAlso available online in Open Book format via the National Academies Press home page.
=610  10$aUnited States.$bDepartment of Energy.$bOffice of Environmental Management.
=650  \0$aRadioactive waste disposal$zUnited States$xEvaluation.
=650  \0$aRadioactive waste disposal$zUnited States$xForecasting.
=650  \0$aRadioactive waste sites$zUnited States$xEvaluation.
=650  \0$aRadioactive waste sites$zUnited States$xPlanning.
=710  2\$aNational Research Council (U.S.).$bNuclear and Radiation Studies Board.
=852  41$aBritish Library$bDSC$jm11/.20223
=856  41$uhttp://www.nap.edu/catalog.php?record_id=13100
=985  \\$aCorrected by MS generated file for WR# 13.051
=985  \\$aRecord amended for WR# 13/070
=CAT  \\$aBATCH-APP$b00$c20110930$lBLL01$h2110
=CAT  \\$a5703$b40$c20111017$lBLL01$h1354
=CAT  \\$aBLSS-CORR$b00$c20130327$lBLL01$h1529
=CAT  \\$aWR13_070$b00$c20130504$lBLL01$h0334
=CAT  \\$aWR13_070C$c20130615$lBLL01$h2137
=FIN  \\$aY$d20111017
=FMT  \\$a  BK
=LAS  \\$aWR13_070C$b00$c20130615$lBLL01$h2137
=SID  \\$aZ39$bOCLC
=SRC  \\$aBlackwells

