=LDR  03537 am a2200505 a 4500
=001  015901996
=003  Uk
=005  20111013091518.0
=008  110721s2011\\\\dcu\\\\\\b\\\\100\0\eng\c
=020  \\$a0309164168
=020  \\$a9780309164160
=035  \\$a(OCoLC)742002763
=040  \\$aYDXCP$cYDXCP$dNRZ$dUPM$dZCU$dCDX$dUk
=042  \\$aukblderived
=043  \\$an-us---
=050  \4$aRA440.3.U5$bH3845 2011
=082  04$a362.1014$223
=245  00$aHealth literacy implications for health care reform :$bworkshop summary /$cTheresa Wizemann, rapporteur ; Roundtable on Health Literacy, Board on Population Health and Public Health Practice, Institute of Medicine of the National Academies.
=260  \\$aWashington, D.C. :$bNational Academies Press,$cc2011.
=300  \\$axiv, 114 p. ;$c23 cm.
=336  \\$atext$2rdacontent
=337  \\$aunmediated$2rdamedia
=338  \\$avolume$2rdacarrier
=504  \\$aIncludes bibliographical references.
=520  \\$aHealth literacy is the degree to which one can understand and make decisions based on health information. Nearly 90 million adults in the United States have limited health literacy. While poor health literacy spans all demographics, rates of low health literacy are disproportionately higher among those with lower socioeconomic status, limited education, or limited English proficiency, as well as among the elderly and individuals with mental or physical disabilities. Studies have shown that there is a correlation between low health literacy and poor health outcomes. In 2010, President Obama signed the Affordable Care Act designed to extend access to health care coverage to millions of Americans who have been previously uninsured. Many of the newly eligible individuals who should benefit most from the ACA, however, are least prepared to realize those benefits as a result of low health literacy. They will face significant challenges understanding what coverage they are eligible for under the ACA, making informed choices about the best options for themselves and their families, and completing the enrollment process. This book explores opportunities to advance health literacy in association with the implementation of health care reform. The report focuses on building partnerships to advance the field of health literacy by translating research findings into practical strategies for implementation, and on educating the public, press, and policymakers regarding issues of health literacy.
=530  \\$aAlso available in Open Book format via the National Academies Press home page.
=650  \0$aHealth education$zUnited States$vCongresses.
=650  \0$aCommunication in medicine$vCongresses.
=650  \0$aConsumer-driven health insurance$zUnited States$vCongresses.
=650  \0$aLiteracy$zUnited States$vCongresses.
=650  \0$aHealth care reform$zUnited States$vCongresses.
=655  \0$aElectronic books.
=690  7\$aSocial Welfare$2blcoll
=700  1\$aWizemann, Theresa M.
=710  2\$aInstitute of Medicine (U.S.).$bRoundtable on Health Literacy.
=710  2\$aInstitute of Medicine (U.S.).$bBoard on Population Health and Public Health Practice.
=852  41$aBritish Library$bDSC$jm11/.20104
=856  41$uhttp://www.nap.edu/catalog.php?record_id=13056
=CAT  \\$aBATCH-APP$b00$c20110930$lBLL01$h2110
=CAT  \\$a11131$b40$c20111013$lBLL01$h0915
=CAT  \\$aBATCH-SWP$c20111022$lBLL01$h0036
=FIN  \\$aY$d20111013
=FMT  \\$a  BK
=LAS  \\$aBATCH-SWP$b00$c20111022$lBLL01$h0036
=SID  \\$aZ39$bOCLC

