=LDR  03931 am a2200469 a 4500
=001  015906283
=003  Uk
=005  20111020153638.0
=008  110809s2011\\\\dcuab\\\\b\\\\000\0\eng\c
=020  \\$a9780309215626
=020  \\$a0309215625
=035  \\$a(OCoLC)746097553
=040  \\$aNRZ$cNRZ$dUPM$dBWX$dUk
=042  \\$aukblderived
=043  \\$an-us---
=050  \4$aQH91.8.B63$bN383 2011
=082  04$a578.62$223$qUK-WkNB
=110  2\$aNational Research Council (U.S.).$bCommittee on Assessing Numeric Limits for Living Organisms in Ballast Water.
=245  10$aAssessing the relationship between propagule pressure and invasion risk in ballast water /$cCommittee on Assessing Numeric Limits for Living Organisms in Ballast Water, Water Science and Technology Board, Division on Earth and Life Studies, National Research Council of the National Academies.
=260  \\$aWashington, D.C. :$bNational Academies Press,$cc2011.
=300  \\$axii, 144 p. :$bill., maps ;$c23 cm.
=336  \\$atext$2rdacontent
=337  \\$aunmediated$2rdamedia
=338  \\$avolume$2rdacarrier
=504  \\$aIncludes bibliographical references.
=520  \\$a"The human-mediated introduction of species to regions of the world they could never reach by natural means has had great impacts on the environment, the economy, and society. In the ocean, these invasions have long been mediated by the uptake and subsequent release of ballast water in ocean-going vessels. Increasing world trade and a concomitantly growing global shipping fleet composed of larger and faster vessels, combined with a series of prominent ballast-mediated invasions over the past two decades, have prompted active national and international interest in ballast water management. Assessing the relationship between propagule pressure and invasion risk in ballast water informs the regulation of ballast water by helping the Environmental Protection Agency (EPA) and the U.S. Coast Guard (USCG) better understand the relationship between the concentration of living organisms in ballast water discharges and the probability of nonindigenous organisms successfully establishing populations in U.S. waters. The report evaluates the risk-release relationship in the context of differing environmental and ecological conditions, including estuarine and freshwater systems as well as the waters of the three-mile territorial sea. It recommends how various approaches can be used by regulatory agencies to best inform risk management decisions on the allowable concentrations of living organisms in discharged ballast water in order to safeguard against the establishment of new aquatic nonindigenous species, and to protect and preserve existing indigenous populations of fish, shellfish, and wildlife and other beneficial uses of the nation's waters. Assessing the relationship between propagule pressure and invasion risk in ballast water provides valuable information that can be used by federal agencies, such as the EPA, policy makers, environmental scientists, and researchers."--Publisher's description.
=530  \\$aAlso available online in Open Book format via the National Academies Press home page.
=650  \0$aBallast water$xResearch.
=650  \0$aBallast water$xEnvironmental aspects$zUnited States.
=650  \0$aIntroduced organisms$xEnvironmental aspects$zUnited States.
=650  \0$aMarine biological invasions.
=710  2\$aNational Research Council (U.S.).$bWater Science and Technology Board.
=852  41$aBritish Library$bDSC$jm11/.20534
=856  41$uhttp://www.nap.edu/catalog.php?record_id=13184
=985  \\$aCorrected by MS generated file for WR# 13.051
=CAT  \\$aBATCH-APP$b00$c20111007$lBLL01$h2105
=CAT  \\$a5512$b40$c20111020$lBLL01$h1536
=CAT  \\$aBLSS-CORR$b00$c20130327$lBLL01$h1529
=FIN  \\$aY$d20111020
=FMT  \\$a  BK
=LAS  \\$aBLSS-CORR$b00$c20130327$lBLL01$h1529
=SID  \\$aZ39$bOCLC

