=LDR  03564 am a22005177a 4500
=001  015906286
=003  Uk
=005  20130821140450.0
=008  110726s2011\\\\dcua\\\\\b\\\\100\0\eng\c
=020  \\$a9780309212212
=020  \\$a0309212219
=035  \\$a(OCoLC)744284133
=040  \\$aBTCTA$beng$cBTCTA$dAZS$dNTD$dUPM$dYDXCP$dUk
=050  \4$aR853.B54$bG58 2011
=082  04$a616.8061$223$qUK-WkNB
=245  00$aGlutamate-related biomarkers in drug development for disorders of the nervous system :$bworkshop summary /$cDiana E. Pankevich, Miriam Davis, and Bruce M. Altevogt, rapporteurs ; Forum on Neuroscience and Nervous System Disorders, Board on Health Sciences Policy, Institute of Medicine of the National Academies.
=260  \\$aWashington, D.C. :$bNational Academies Press,$cc2011.
=300  \\$axii, 61 p. :$bill. (some col.) ;$c23 cm.
=336  \\$atext$2rdacontent
=337  \\$aunmediated$2rdamedia
=338  \\$avolume$2rdacarrier
=504  \\$aIncludes bibliographical references (p. 39-43)
=520  \\$aGlutamate is the most pervasive neurotransmitter in the central nervous system (CNS). Despite this fact, no validated biological markers, or biomarkers, currently exist for measuring glutamate pathology in CNS disorders or injuries. Glutamate dysfunction has been associated with an extensive range of nervous system diseases and disorders. Problems with how the neurotransmitter glutamate functions in the brain have been linked to a wide variety of disorders, including schizophrenia, Alzheimer's, substance abuse, and traumatic brain injury. These conditions are widespread, affecting a large portion of the United States population, and remain difficult to treat. Efforts to understand, treat, and prevent glutamate-related disorders can be aided by the identification of valid biomarkers. The Institute of Medicine's Forum on Neuroscience and Nervous System Disorders held a workshop on June 21-22, 2010, to explore ways to accelerate the development, validation, and implementation of such biomarkers. This book investigates promising current and emerging technologies, and outlines strategies to procure resources and tools to advance drug development for associated nervous system disorders. Moreover, this report highlights presentations by expert panelists, and the open panel discussions that occurred during the workshop.
=530  \\$aAlso available online in Open Book format via the National Academies Press home page.
=591  \\$aSummary.
=650  \0$aBiochemical markers$vCongresses.
=650  \0$aDrug development$vCongresses.
=650  \0$aNervous system$xDiseases$vCongresses.
=650  \0$aNeuropharmacology$vCongresses.
=700  1\$aPankevich, Diana E.,$d1975-
=700  1\$aAltevogt, Bruce M.
=700  1\$aDavis, Miriam$c(Medical writer)
=710  2\$aInstitute of Medicine (U.S.).$bForum on Neuroscience and Nervous System Disorders.
=852  41$aBritish Library$bDSC$jm11/.20452
=856  41$uhttp://www.nap.edu/catalog.php?record_id=13146
=985  \\$aCorrected by MS generated file for WR# 13.051
=CAT  \\$aBATCH-APP$b00$c20111007$lBLL01$h2105
=CAT  \\$a5512$b40$c20111020$lBLL01$h1610
=CAT  \\$a8962$b40$c20111021$lBLL01$h1151
=CAT  \\$aBLSS-CORR$b00$c20130327$lBLL01$h1529
=CAT  \\$a8962$b40$c20130821$lBLL01$h1404
=CNF  \\$aGlutamate-related Biomarkers in Drug Development for Disorders of the Nervous System (Conference)$d(2010 Jun)
=FIN  \\$aY$d20111021
=FMT  \\$a  BK
=LAS  \\$a8962$b40$c20130821$lBLL01$h1404
=SID  \\$aZ39$bOCLC

