=LDR  03825 am a2200553 a 4500
=001  015949782
=003  Uk
=005  20111026085355.0
=008  110808s2011\\\\dcua\\\\\b\\\\100\0\eng\\
=020  \\$a9780309120685 (pbk.)
=020  \\$a0309120683 (pbk.)
=035  \\$a(OCoLC)745906088
=040  \\$aNRZ$beng$cNRZ$dNRC$dUPM$dOCLCQ$dYDXCP$dUk
=042  \\$aukblderived
=043  \\$an-us---
=050  \4$aRA399.A3$bL428 2011
=082  04$a616.70973$223$qUK-WkNB
=245  00$aLearning what works :$binfrastructure required for comparative effectiveness research : workshop summary /$cLeighAnne Olsen, Claudia Grossmann, and J. Michael McGinnis ; Institute of Medicine of the National Academies.
=246  1\$iAt head of title:$aRoundtable on Value & Science-Driven Health Care
=260  \\$aWashington, D.C. :$bNational Academies Press,$cc2011.
=300  \\$axxix, 578 p. :$bill. ;$c23 cm.
=336  \\$atext$2rdacontent
=337  \\$aunmediated$2rdamedia
=338  \\$avolume$2rdacarrier
=490  1\$aThe learning health system series
=504  \\$aIncludes bibliographical references.
=520  \\$a"It is essential for patients and clinicians to have the resources needed to make informed, collaborative care decisions. Despite this need, only a small fraction of health-related expenditures in the United States have been devoted to comparative effectiveness research (CER). To improve the effectiveness and value of the care delivered, the nation needs to build its capacity for ongoing study and monitoring of the relative effectiveness of clinical interventions and care processes through expanded trials and studies, systematic reviews, innovative research strategies, and clinical registries, as well as improving its ability to apply what is learned from such study through the translation and provision of information and decision support. As part of its Learning health system series of workshops, the Institute of Medicine's (IOM's) Roundtable on Value & Science-Driven Health Care hosted a workshop to discuss capacity priorities to build the evidence base necessary for care that is more effective and delivers higher value for patients. Learning what works summarizes the proceedings of the seventh workshop in the Learning health system series. This workshop focused on the infrastructure needs--including methods, coordination capacities, data resources and linkages, and workforce--for developing an expanded and efficient national capacity for CER. Learning what works also assesses the current and needed capacity to expand and improve this work, and identifies priority next steps."--Publisher's description.
=530  \\$aAlso available online in Open Book format via the National Academies Press home page.
=650  \0$aMedicine, Comparative.
=650  \0$aMedical care$xStandards$zUnited States$xComparative method.
=650  \0$aMedical care$zUnited States$xQuality control$xComparative method.
=650  \0$aEvidence-based medicine$zUnited States$xComparative method.
=700  1\$aOlsen, LeighAnne.
=700  1\$aGrossmann, Claudia,$d1978-
=700  1\$aMcGinnis, J. Michael.
=710  2\$aInstitute of Medicine (U.S.).$bRoundtable on Value & Science-Driven Health Care.
=830  \0$aLearning healthcare system series.
=852  41$aBritish Library$bDSC$jm11/.20669
=856  41$uhttp://www.nap.edu/catalog.php?record_id=12214
=985  \\$aCorrected by MS generated file for WR# 13.051
=CAT  \\$aBATCH-APP$b00$c20111014$lBLL01$h2106
=CAT  \\$a11131$b40$c20111026$lBLL01$h0853
=CAT  \\$aBLSS-CORR$b00$c20130327$lBLL01$h1529
=CAT  \\$aBATCH-UPD$b00$c20131004$lBLL01$h0038
=CAT  \\$aBATCH-UPD$b00$c20131011$lBLL01$h2131
=FIN  \\$aY$d20111026
=FMT  \\$a  BK
=LAS  \\$aBATCH-UPD$b00$c20131011$lBLL01$h2131
=SID  \\$aZ39$bOCLC

