=LDR  04405 am a2200493 a 4500
=001  015953884
=003  Uk
=005  20111027121323.0
=008  110819s2011\\\\dcu\\\\\\b\\\\000\0\eng\c
=020  \\$a0309212162
=020  \\$a9780309212168
=035  \\$a(OCoLC)747314131
=040  \\$aYDXCP$cYDXCP$dNRZ$dUPM$dAAA$dUk
=042  \\$aukblderived
=050  \4$aRC667$b.I566 2011
=082  04$a362.19610973$223$qUK-WkNB
=110  2\$aInstitute of Medicine (U.S.).$bCommittee on a National Surveillance System for Cardiovascular and Select Chronic Diseases.
=245  12$aA nationwide framework for surveillance of cardiovascular and chronic lung diseases /$cCommittee on a National Surveillance System for Cardiovasular and Select Chronic Diseases, Board on Population Health and Public Health Practice, Institute of Medicine of the National Academies.
=260  \\$aWashington, D.C. :$bNational Academies Press,$cc2011.
=300  \\$axiii, 186 p. ;$c28 cm.
=336  \\$atext$2rdacontent
=337  \\$aunmediated$2rdamedia
=338  \\$avolume$2rdacarrier
=504  \\$aIncludes bibliographical references.
=505  0\$aIntroduction -- Cardiovascular disease -- Chronic lung disease -- Health disparities -- Existing surveillance data sources and systems -- Levels of surveillance and emerging data sources -- Using surveillance data for action.
=520  \\$a"Chronic diseases are common and costly, yet they are also among the most preventable health problems. Comprehensive and accurate disease surveillance systems are needed to implement successful efforts which will reduce the burden of chronic diseases on the U.S. population. A number of sources of surveillance data--including population surveys, cohort studies, disease registries, administrative health data, and vital statistics--contribute critical information about chronic disease. But no central surveillance system provides the information needed to analyze how chronic disease impacts the U.S. population, to identify public health priorities, or to track the progress of preventive efforts. A nationwide framework for surveillance of cardiovascular and chronic lung diseases outlines a conceptual framework for building a national chronic disease surveillance system focused primarily on cardiovascular and chronic lung diseases. .This system should be capable of providing data on disparities in incidence and prevalence of the diseases by race, ethnicity, socioeconomic status, and geographic region, along with data on disease risk factors, clinical care delivery, and functional health outcomes. This coordinated surveillance system is needed to integrate and expand existing information across the multiple levels of decision making in order to generate actionable, timely knowledge for a range of stakeholders at the local, state or regional, and national levels. The recommendations presented in A nationwide framework for surveillance of cardiovascular and chronic lung diseases focus on data collection, resource allocation, monitoring activities, and implementation. The report also recommends that systems evolve along with new knowledge about emerging risk factors, advancing technologies, and new understanding of the basis for disease. .This report will inform decision-making among federal health agencies, especially the Department of Health and Human Services; public health and clinical practitioners; non-governmental organizations; and policy makers, among others."--Publisher's description.
=530  \\$aAlso available online in Open Book format via the National Academies Press home page.
=650  \0$aCardiovascular system$xDiseases$xPrevention.
=650  \0$aCardiovascular system$xDiseases$xRisk factors.
=650  \0$aLungs$xDiseases, Obstructive$xPrevention.
=650  \0$aCoronary heart disease$xPrevention.
=690  7\$aSocial Welfare$2blcoll
=852  41$aBritish Library$bDSC$jm11/.20889
=856  41$uhttp://www.nap.edu/catalog.php?record_id=13145
=985  \\$aCorrected by MS generated file for WR# 13.051
=CAT  \\$aBATCH-APP$b00$c20111021$lBLL01$h2102
=CAT  \\$a11131$b40$c20111027$lBLL01$h1213
=CAT  \\$aBLSS-CORR$b00$c20130327$lBLL01$h1529
=CAT  \\$aBATCH-UPD$b00$c20180603$lBLL01$h2105
=CAT  \\$aBATCH-SWP$c20180608$lBLL01$h2206
=FIN  \\$aY$d20111027
=FMT  \\$a  BK
=LAS  \\$aBATCH-SWP$b00$c20180608$lBLL01$h2206
=SID  \\$aZ39$bOCLC

