=LDR  03995 am a22004937a 4500
=001  015962026
=003  Uk
=005  20111111152149.0
=008  110819s2011\\\\dcua\\\\\b\\\\000\0\eng\\
=020  \\$a9780309212854 (pbk.)
=020  \\$a0309212855 (pbk.)
=035  \\$a(OCoLC)747246500
=040  \\$aNRZ$beng$cNRZ$dNRC$dOCLCQ$dYDXCP$dBWX$dCUI$dCDX$dUk
=043  \\$an-us---
=082  04$a687.162$223$qUK-WkNB
=110  2\$aNational Research Council (U.S.).$bCommittee on Opportunities in Protection Materials Science and Technology for Future Army Applications.
=245  10$aOpportunities in protection materials science and technology for future army applications /$cCommittee on Opportunities in Protection Materials Science and Technology for Future Army Applications, National Materials Advisory Board and Board on Army Science and Technology, Division on Engineering and Physical Sciences, National Research Council of the National Academies.
=260  \\$aWashington, D.C. :$bNational Academies Press,$cc2011.
=300  \\$axx, 155 p. :$bill. ;$c28 cm.
=336  \\$atext$2rdacontent
=337  \\$aunmediated$2rdamedia
=338  \\$avolume$2rdacarrier
=504  \\$aIncludes bibliographical references.
=520  \\$a"Armor plays a significant role in the protection of warriors. During the course of history, the introduction of new materials and improvements in the materials already used to construct armor has led to better protection and a reduction in the weight of the armor. But even with such advances in materials, the weight of the armor required to manage threats of ever-increasing destructive capability presents a huge challenge. Opportunities in Protection Materials Science and Technology for Future Army Applications explores the current theoretical and experimental understanding of the key issues surrounding protection materials, identifies the major challenges and technical gaps for developing the future generation of lightweight protection materials, and recommends a path forward for their development. It examines multiscale shockwave energy transfer mechanisms and experimental approaches for their characterization over short timescales, as well as multiscale modeling techniques to predict mechanisms for dissipating energy. The report also considers exemplary threats and design philosophy for the three key applications of armor systems: (1) personnel protection, including body armor and helmets, (2) vehicle armor, and (3 transparent armor. Opportunities in Protection Materials Science and Technology for Future Army Applications recommends that the Department of Defense (DoD) establish a defense initiative for protection materials by design (PMD), with associated funding lines for basic and applied research. The PMD initiative should include a combination of computational, experimental, and materials testing, characterization, and processing research conducted by government, industry, and academia."--Publisher's description.
=530  \\$aAlso available online.
=610  10$aUnited States.$bArmy.
=610  10$aUnited States$xArmed forces$xWeapons systems.
=650  \0$aCombat survivability (Military science)
=650  \0$aMilitary research$zUnited States.
=710  2\$aNational Research Council (U.S.).$bNational Materials Advisory Board.
=710  2\$aNational Research Council (U.S.).$bBoard on Army Science and Technology.
=852  41$aBritish Library$bDSC$jm11/.21155
=856  41$uhttp://www.nap.edu/catalog.php?record_id=13157
=985  \\$aCorrected by MS generated file for WR# 13.051
=CAT  \\$aBATCH-APP$b00$c20111104$lBLL01$h2114
=CAT  \\$a11131$b40$c20111110$lBLL01$h0818
=CAT  \\$a11014$b40$c20111111$lBLL01$h1521
=CAT  \\$aBATCH-UPD$b40$c20121029$lBLL01$h2325
=CAT  \\$aBLSS-CORR$b00$c20130327$lBLL01$h1529
=CAT  \\$aBATCH-UPD$b00$c20160828$lBLL01$h2156
=FIN  \\$aY$d20111111
=FMT  \\$a  BK
=LAS  \\$aBATCH-UPD$b00$c20160828$lBLL01$h2156
=SID  \\$aZ39$bOCLC

