=LDR  04235 am a22005895  4500
=001  015980519
=003  Uk
=005  20111213102101.0
=007  cr\cn|||||||||
=008  110614s2011\\\\dcuab\\\\b\\\\000\0\eng\\
=020  \\$a9780309209410
=020  \\$a0309209412
=035  \\$a(OCoLC)731911071
=040  \\$aNhCcYBP$cNhCcYBP$dUk
=042  \\$aukblderived
=043  \\$an-us---
=050  04$aRA566.3$b.I574 2011
=060  00$a2011 K-275
=060  10$aWA 754
=082  04$a616.98$223
=110  2\$aInstitute of Medicine (U.S.).$bCommittee on the Effect of Climate Change on Indoor Air Quality and Public Health.
=245  10$aClimate change, the indoor environment, and health /$cCommittee on the Effect of Climate Change on Indoor Air Quality and Public Health, Board on Population Health and Public Health Practice, Institute of Medicine of the National Academies.
=246  30$aIndoor environment
=260  \\$aWashington, D.C. :$bNational Academies Press,$cc2011.
=300  \\$axiii, 272 p. :$bill., map ;$c23 cm.
=336  \\$atext$2rdacontent
=337  \\$acomputer$2rdamedia
=338  \\$aonline resource$2rdacarrier
=504  \\$aIncludes bibliographical references.
=505  0\$aIntroduction -- Background -- Government and private-sector involvement in climate change, indoor environment, and health issues -- Air quality -- Dampness, moisture, and flooding -- Infectious agents and pests -- Thermal stress -- Building ventilation, weatherization, and energy use -- Key findings, guiding principles, and priority issues for action.
=520  \\$a"The indoor environment affects occupants' health and comfort. Poor environmental conditions and indoor contaminants are estimated to cost the U.S. economy tens of billions of dollars a year in exacerbation of illnesses like asthma, allergic symptoms, and subsequent lost productivity. Climate change has the potential to affect the indoor environment because conditions inside buildings are influenced by conditions outside them. Climate change, the indoor environment, and health addresses the impacts that climate change may have on the indoor environment and the resulting health effects. It finds that steps taken to mitigate climate change may cause or exacerbate harmful indoor environmental conditions. The book discusses the role the Environmental Protection Agency (EPA) should take in informing the public, health professionals, and those in the building industry about potential risks and what can be done to address them. The study also recommends that building codes account for climate change projections; that federal agencies join to develop or refine protocols and testing standards for evaluating emissions from materials, furnishings, and appliances used in buildings; and that building weatherization efforts include consideration of health effects. Climate change, the indoor environment, and health is written primarily for the EPA and other federal agencies, organizations, and researchers with interests in public health; the environment; building design, construction, and operation; and climate issues."--Publisher's description.
=530  \\$aAlso available in Open Book format via the National Academies Press home page.
=610  12$aUnited States.$bEnvironmental Protection Agency.
=610  10$aUnited States.$bEnvironmental Protection Agency.
=650  12$aAir Pollution, Indoor$zUnited States.
=650  22$aClimate Change$zUnited States.
=650  22$aSick Building Syndrome$zUnited States.
=650  \0$aEnvironmentally induced diseases$zUnited States.
=650  \0$aClimatic changes$xHealth aspects$zUnited States.
=650  \0$aIndoor air pollution$xHealth aspects$zUnited States.
=650  \0$aAir quality management$zUnited States.
=852  41$aBritish Library$bDSC$jm11/.22368
=856  4\$uhttp://www.nap.edu/catalog.php?record%5Fid=13115
=856  41$uhttp://www.nap.edu/catalog.php?record_id=13115
=CAT  \\$aBATCH-APP$b00$c20111130$lBLL01$h2220
=CAT  \\$a5703$b40$c20111213$lBLL01$h1021
=CAT  \\$aW1707-0052$c20170703$lBLL01$h1916
=FIN  \\$aY$d20111213
=FMT  \\$a  BK
=LAS  \\$aW1707-0052$b00$c20170703$lBLL01$h1916
=SID  \\$aZ39$bOCLC
=SRC  \\$aBlackwells

