=LDR  04342 am a22006377a 4500
=001  015980534
=003  Uk
=005  20111209113404.0
=008  110819s2011\\\\dcua\\\\\b\\\\100\0\eng\\
=020  \\$a9780309212687
=020  \\$a0309212685
=035  \\$a(OCoLC)747314133
=040  \\$aNhCcYBP$cNhCcYBP$dUk
=043  \\$an-us---
=060  00$a2011 K-715
=060  10$aQZ 266
=082  04$a616.9940607240973$223$qUK-WkNB
=111  2\$aAmerican Society of Clinical Oncology and Institute of Medicine Workshop$d(2011 :$cWashington, DC)
=245  10$aImplementing a national cancer clinical trials system for the 21st century :$bworkshop summary /$can American Society of Clinical Oncology and Institute of Medicine Workshop ; Alison Mack and Sharyl J. Nass, rapporteurs ; National Cancer Policy Forum, Board on Health Care Services, Institute of Medicine of the National Academies.
=260  \\$aWashington, D.C. :$bNational Academies Press,$cc2011.
=300  \\$axiii, 108 p. :$bill. ;$c23 cm.
=336  \\$atext$2rdacontent
=337  \\$aunmediated$2rdamedia
=338  \\$avolume$2rdacarrier
=504  \\$aIncludes bibliographical references (p. 91-93).
=505  0\$aPanel I : NCI and the cooperative groups -- Panel II : Payors -- Panel III : Interactions between industry, the FDA, and the publicly funded cancer clinical trials system -- Panel IV : Clinical trials investigators and patient advocates.
=520  \\$a"Clinical trials enable scientific discoveries to advance patient care, in addition to informing and guiding subsequent research. The National Cancer Institute's (NCI's) Clinical Trials Cooperative Group Program works to advance patient care and research. The Cooperative Group Program has been instrumental in establishing the standards for cancer patient care and clinical research methods. Despite broad participation in the program, financial strain and procedural burdens limit the ability of the Cooperative Group Program to undertake medical practice-changing clinical research. Thus, the Institute of Medicine's (IOM's) National Cancer Policy Forum and the American Society of Clinical Oncology held a workshop on March 21, 2011 to follow up on the 2010 IOM report, A National Clinical Trials System for the 21st Century: Reinvigorating the NCI Cooperative Group Program, which made recommendations to strengthen the NCI Cooperative Group Program. In keeping with the established commitment to excellence Implementing a National Cancer Clinical Trials System for the 21st Century outlines how to improve the current system by incorporating innovative science and trial design into cancer clinical trials. It also examines the impact of increasing quality in regards to speed, efficiency, design, launch, and conduct, as well as improving prioritization, and incentivized participation."--Publisher's description.
=530  \\$aAlso available online.
=591  \\$aSummary.
=610  20$aAmerican Society of Clinical Oncology.
=650  12$aNeoplasms$xtherapy$zUnited States$vCongresses.
=650  22$aClinical Trials as Topic$xstandards$zUnited States$vCongresses.
=650  22$aHealth Policy$zUnited States$vCongresses.
=650  22$aPatient Care$xstandards$zUnited States$vCongresses.
=650  \0$aCancer$xTreatment$xGovernment policy$zUnited States.
=650  \0$aClinical trials$xStandards$zUnited States.
=700  1\$aMack, Alison.
=700  1\$aNass, Sharyl J.
=710  2\$aAmerican Society of Clinical Oncology.
=710  2\$aInstitute of Medicine (U.S.).$bBoard on Health Care Services.
=710  2\$aNational Cancer Policy Forum (U.S.)
=852  41$aBritish Library$bDSC$jm11/.22262
=856  41$uhttp://www.nap.edu/catalog.php?record_id=13154
=985  \\$aCorrected by MS generated file for WR# 13.051
=CAT  \\$aBATCH-APP$b00$c20111130$lBLL01$h2220
=CAT  \\$a11002$b40$c20111208$lBLL01$h1146
=CAT  \\$a8962$b40$c20111209$lBLL01$h1117
=CAT  \\$a8962$b40$c20111209$lBLL01$h1134
=CAT  \\$aBLSS-CORR$b00$c20130327$lBLL01$h1529
=CAT  \\$aW1707-0052$c20170703$lBLL01$h1916
=CNF  \\$aAmerican Society of Clinical Oncology and Institute of Medicine Workshop$d(2011 :$cWashington, DC)
=FIN  \\$aY$d20111209
=FMT  \\$a  BK
=LAS  \\$aW1707-0052$b00$c20170703$lBLL01$h1916
=SID  \\$aZ39$bOCLC
=SRC  \\$aBlackwells

