=LDR  02258 am a22005295  4500
=001  015993743
=003  Uk
=005  20120105174147.0
=008  110721s2011\\\\dcu\\\\\\b\\\\001\0\eng\c
=020  \\$a9780309214841
=020  \\$a030921484X
=035  \\$a(OCoLC)742002759$z(OCoLC)760891935
=040  \\$aNhCcYBP$cNhCcYBP$dUk
=042  \\$aukblderived
=043  \\$an-us---
=050  \4$aRB127$b.I54 2011
=082  04$a616.0472$223
=245  00$aRelieving pain in America :$ba blueprint for transforming prevention, care, education, and research /$cCommittee on Advancing Pain Research, Care, and Education, Board on Health Sciences Policy, Institute of Medicine of the National Academies.
=260  \\$aWashington, D.C. :$bNational Academies Press,$cc2011.
=300  \\$axvii, 364 p. ;$c24 cm.
=336  \\$atext$2rdacontent
=337  \\$aunmediated$2rdamedia
=338  \\$avolume$2rdacarrier
=504  \\$aIncludes bibliographical references and index.
=505  0\$aPain as a public health challenge -- Care of people with pain -- Education challenges -- Research challenges -- A blueprint for transforming pain prevention, care, education, and research.
=530  \\$aAlso available in Open Book format via the National Academies Press home page.
=650  \2$aPain$xtherapy$zUnited States.
=650  \2$aPain$xdrug therapy$zUnited States.
=650  \2$aPain$xprevention & control$zUnited States.
=650  \2$aPatient Education as Topic$zUnited States.
=650  \2$aBiomedical Research$zUnited States.
=650  \0$aPain$zUnited States.
=650  \0$aPain$xTreatment$zUnited States.
=650  \0$aPain$xResearch$zUnited States.
=650  \0$aPublic health$zUnited States.
=650  \0$aPatient education$zUnited States.
=710  2\$aInstitute of Medicine (U.S.).$bCommittee on Advancing Pain Research, Care, and Education.
=852  41$aBritish Library$bDSC$jm12/.10136
=856  41$uhttp://www.nap.edu/catalog.php?record_id=13172#orgs
=CAT  \\$aBATCH-APP$b00$c20111216$lBLL01$h2101
=CAT  \\$a5703$b40$c20120104$lBLL01$h1418
=CAT  \\$a7143$b40$c20120105$lBLL01$h1741
=FIN  \\$aY$d20120105
=FMT  \\$a  BK
=LAS  \\$a7143$b40$c20120105$lBLL01$h1741
=SID  \\$aZ39$bOCLC
=SRC  \\$aBlackwells

