=LDR  04304 am a2200553 a 4500
=001  016002994
=003  Uk
=005  20120118114105.0
=007  cr\cn|||||||||
=008  110819s2011\\\\dcua\\\\\b\\\\001\0\eng\\
=020  \\$a9780309212427
=020  \\$a0309212421
=035  \\$a(OCoLC)747314134
=040  \\$aNLM$beng$cNLM$dYDXCP$dNRZ$dAAA$dUPM$dUk
=042  \\$aukblderived
=043  \\$an-us---
=050  04$aR856.6$b.I576 2011
=060  00$aWB 26$bI59e 2011
=082  04$a681.7610973$223$qUK-WkNB
=110  2\$aInstitute of Medicine (U.S.).$bCommittee on the Public Health Effectiveness of the FDA 510(k) Clearance Process.
=245  10$aMedical devices and the public's health :$bthe FDA 510(k) clearance process at 35 years /$cCommittee on the Public Health Effectiveness of the FDA 510(k) Clearance Process, Board on Population Health and Public Health Practice, Institute of Medicine of the National Academies.
=260  \\$aWashington, D.C. :$bNational Academies Press,$cc2011.
=300  \\$axx, 298 p. :$bill. ;$c23 cm.
=336  \\$atext$2rdacontent
=337  \\$acomputer$2rdamedia
=338  \\$aonline resource$2rdacarrier
=504  \\$aIncludes bibliographical references and index.
=505  0\$aIntroduction -- Key medical-device legislative and regulatory actions -- Components of US medical-device regulation -- The 510(k) clearance process -- Postmarketing surveillance, compliance, and enforcement -- External factors that affect the medical-device regulatory system -- Conclusions and recommendations -- A history of medical-device legislation and regulation in the United States.
=520  \\$a"Medical devices that are deemed to have a moderate risk to patients generally cannot go on the market until they are cleared through the FDA 510(k) process. In recent years, individuals and organizations have expressed concern that the 510(k) process is neither making safe and effective devices available to patients nor promoting innovation in the medical-device industry. Several high-profile mass-media reports and consumer-protection groups have profiled recognized or potential problems with medical devices cleared through the 510(k) clearance process. The medical-device industry and some patients have asserted that the process has become too burdensome and is delaying or stalling the entry of important new medical devices to the market. At the request of the FDA, the Institute of Medicine (IOM) examined the 510(k) process. Medical devices and the public's health examines the current 510(k) clearance process and whether it optimally protects patients and promotes innovation in support of public health. It also identifies legislative, regulatory, or administrative changes that will achieve the goals of the 510(k) clearance process. Medical devices and the public's health recommends that the U.S. Food and Drug Administration gather the information needed to develop a new regulatory framework to replace the 35-year-old 510(k) clearance process for medical devices. According to the report, the FDA's finite resources are best invested in developing an integrated premarket and postmarket regulatory framework"--Publisher's description.
=530  \\$aAlso available online in Open Book format via the National Academies Press home page.
=610  12$aUnited States.$bFood and Drug Administration.
=650  12$aEquipment and Supplies$xstandards$zUnited States.
=650  22$aDevice Approval$xlegislation & jurisprudence$zUnited States.
=650  22$aEquipment Safety$zUnited States.
=650  \0$aMedical instruments and apparatus.
=650  \0$aMedical instruments and apparatus$xSafety regulations$zUnited States.
=650  \0$aProduct safety$xLaw and legislation$zUnited States.
=852  41$aBritish Library$bDSC$jm12/.10406
=856  4\$uhttp://www.nap.edu/catalog.php?record%5Fid=13150
=856  41$uhttp://www.nap.edu/catalog.php?record_id=13150
=985  \\$aCorrected by MS generated file for WR# 13.051
=CAT  \\$aBATCH-APP$b00$c20120106$lBLL01$h2102
=CAT  \\$a5512$b40$c20120118$lBLL01$h1141
=CAT  \\$aBLSS-CORR$b00$c20130327$lBLL01$h1529
=CAT  \\$aW1707-0052$c20170703$lBLL01$h1917
=FIN  \\$aY$d20120118
=FMT  \\$a  BK
=LAS  \\$aW1707-0052$b00$c20170703$lBLL01$h1917
=SID  \\$aZ39$bOCLC

