=LDR  03110 am a22004575  4500
=001  016007365
=003  Uk
=005  20120124104943.0
=008  120112s2011\\\\dcua\\\\\b\\\\000\0\eng\c
=010  \\$a2011276582
=020  \\$a030921520X
=020  \\$a9780309215206
=035  \\$a(OCoLC)ocn753637360
=040  \\$aNhCcYBP$cNhCcYBP$dUk
=042  \\$aukblcatcopy
=043  \\$an-us---
=082  04$a358.41830973$223$qUK-WkNB
=110  2\$aNational Research Council (U.S.).$bCommittee on Examination of the U.S. Air Force's Aircraft Sustainment Needs in the Future and Its Strategy to Meet Those Needs.
=245  10$aExamination of the U.S. Air Force's aircraft sustainment needs in the future and its strategy to meet those needs /$cCommittee on Examination of the U.S. Air Force's Aircraft Sustainment Needs in the Future and its Strategy to Meet Those Needs ; Air Force Studies Board ; Division on Engineering and Physical Sciences ; National Research Council of the National Academies.
=260  \\$aWashington, D.C. :$bNational Academies Press,$cc2011.
=300  \\$axviii, 235 p. :$bill. (chiefly col.) ;$c26 cm.
=336  \\$atext$2rdacontent
=337  \\$aunmediated$2rdamedia
=338  \\$avolume$2rdacarrier
=504  \\$aIncludes bibliographical references.
=520  \\$aThe ability of the United States Air Force (USAF) to keep its aircraft operating at an acceptable operational tempo, in wartime and in peacetime, has been important to the Air Force since its inception. This is a much larger issue for the Air Force today, having effectively been at war for 20 years, with its aircraft becoming increasingly more expensive to operate and maintain and with military budgets certain to further decrease. The enormously complex Air Force weapon system sustainment enterprise is currently constrained on many sides by laws, policies, regulations and procedures, relationships, and organizational issues emanating from Congress, the Department of Defense (DoD), and the Air Force itself. Against the back-drop of these stark realities, the Air Force requested the National Research Council (NRC) of the National Academies, under the auspices of the Air Force Studies Board to conduct an in-depth assessment of current and future Air Force weapon system sustainment initiatives and recommended future courses of action for consideration by the Air Force.
=530  \\$aAlso available in Open Book format via the National Academies Press home page.
=610  10$aUnited States.$bAir Force.
=650  \0$aAirplanes, Military$xMaintenance and repair.
=710  2\$aNational Research Council (U.S.).$bAir Force Studies Board.
=852  41$aBritish Library$bDSC$jm12/.10515
=856  41$uhttp://www.nap.edu/catalog.php?record_id=13177
=985  \\$aCorrected by MS generated file for WR# 13.051
=CAT  \\$aBATCH-APP$b00$c20120113$lBLL01$h2104
=CAT  \\$a5703$b40$c20120124$lBLL01$h1049
=CAT  \\$aBLSS-CORR$b00$c20130327$lBLL01$h1529
=FIN  \\$aY$d20120124
=FMT  \\$a  BK
=LAS  \\$aBLSS-CORR$b00$c20130327$lBLL01$h1529
=SID  \\$aZ39$bLOC
=SRC  \\$aBlackwells

