=LDR  03572 am a22005057a 4500
=001  016007386
=003  Uk
=005  20120123134930.0
=008  110610s2011\\\\dcua\\\\\b\\\\000\0\eng\d
=020  \\$a9780309186308
=020  \\$a0309186307
=035  \\$a(OCoLC)730412362
=040  \\$aBTCTA$beng$cBTCTA$dNRZ$dOCLCO$dJAA$dYDXCP$dORU$dAAA$dUk
=042  \\$aukblderived
=060  \4$aWU 113
=082  04$a617.6010973$223$qUK-WkNB
=245  00$aAdvancing oral health in America /$cCommittee on an Oral Health Initiative, Board on Health Care Services, Institute of Medicine of the National Academies.
=260  \\$aWashington, D.C. :$bNational Academies Press$cc2011.
=300  \\$axviii, 248 p. :$bill. ;$c23 cm.
=336  \\$atext$2rdacontent
=337  \\$aunmediated$2rdamedia
=338  \\$avolume$2rdacarrier
=504  \\$aIncludes bibliographical references.
=505  0\$aIntroduction -- Oral health and overall health and well-being -- The oral health care system -- HHS and oral health: past and present -- A new oral health initiative.
=520  \\$a"Though it is highly preventable, tooth decay is a common chronic disease both in the United States and worldwide. Evidence shows that decay and other oral diseases may be associated with adverse pregnancy outcomes, respiratory disease, cardiovascular disease, and diabetes. However, individuals and many health care professionals remain unaware of the risk factors and preventive approaches for many oral diseases. They do not fully appreciate how oral health affects overall health and well-being. In Advancing Oral Health in America, the Institute of Medicine (IOM) highlights the vital role that the Department of Health and Human Services (HHS) can play in improving oral health and oral health care in the United States. The IOM recommends that HHS design an oral health initiative which has clearly articulated goals, is coordinated effectively, adequately funded and has high-level accountability. In addition, the IOM stresses three key areas needed for successfully maintaining oral health as a priority issue: strong leadership, sustained interest, and the involvement of multiple stakeholders from both the public and private sectors. Advancing Oral Health in America provides practical recommendations that the Department of Health and Human Services can use to improve oral health care in America. The report will serve as a vital resource for federal health agencies, health care professionals, policy makers, researchers, and public and private health organizations."--Publisher's description.
=530  \\$aAlso available online.
=650  \0$aDental public health$zUnited States.
=650  \0$aMouth$xDiseases$xPrevention.
=650  \0$aTeeth$xDiseases$xPrevention.
=650  \0$aCommunity dental services$zUnited States.
=650  12$aPublic Health Dentistry$zUnited States.
=650  12$aOral Health$zUnited States.
=650  22$aDental Health Services$zUnited States.
=710  2\$aInstitute of Medicine (U.S.).$bCommittee on an Oral Health Initiative.
=710  2\$aInstitute of Medicine (U.S.).$bBoard on Health Care Services.
=852  41$aBritish Library$bDSC$jm12/.10599
=856  41$uhttp://www.nap.edu/catalog.php?record_id=13086
=985  \\$aCorrected by MS generated file for WR# 13.051
=CAT  \\$aBATCH-APP$b00$c20120113$lBLL01$h2104
=CAT  \\$a11002$b40$c20120123$lBLL01$h1349
=CAT  \\$aBLSS-CORR$b00$c20130327$lBLL01$h1529
=FIN  \\$aY$d20120123
=FMT  \\$a  BK
=LAS  \\$aBLSS-CORR$b00$c20130327$lBLL01$h1529
=SID  \\$aZ39$bOCLC

