=LDR  02586 am a22004817a 4500
=001  016017754
=003  Uk
=005  20120208134422.0
=008  110610s2011\\\\dcuab\\\\b\\\\000\0\eng\c
=020  \\$a9780309211680
=020  \\$a0309211689
=035  \\$a(OCoLC)730412365
=040  \\$aBTCTA$beng$cBTCTA$dAAA$dUPM$dYDXCP$dUk
=042  \\$aukblderived
=043  \\$an-us---
=050  \4$aTH880$b.N3874 2011
=082  04$a725.04720973$223$qUK-WkNB
=110  2\$aNational Research Council (U.S.).$bCommittee on High-Performance Green Federal Buildings: Strategies and Approaches for Meeting Federal Objectives.
=245  10$aAchieving high-performance federal facilities :$bstrategies and approaches for transformational change /$cCommittee on High-Performance Green Federal Buildings: Strategies and Approaches for Meeting Federal Objectives, Board on Infrastructure and the Constructed Environment, Division on Engineering and Physical Sciences, National Research Council of the National Academies.
=260  \\$aWashington, D.C. :$bNational Academies Press,$cc2011.
=300  \\$axiv, 144 p. :$bill., maps ;$c28 cm.
=336  \\$atext$2rdacontent
=337  \\$aunmediated$2rdamedia
=338  \\$avolume$2rdacarrier
=504  \\$aIncludes bibliographic references (p. 67-68).
=505  0\$aContext -- Objectives and challenges associated with federal high-performance green buildings -- Levers of change -- Best practices, tools, and technologies for transformational change -- Strategies and approaches for achieving a range of objectives associated with federal high-performance facilities.
=530  \\$aAlso available online in Open Book format via the National Academies Press home page.
=650  \0$aArchitecture and energy conservation$xResearch$zUnited States.
=650  \0$aEnergy conservation$xResearch$zUnited States.
=650  \0$aSustainable buildings$xPerformance$zUnited States.
=650  \0$aSustainable buildings$zUnited States$xDesign and construction.
=710  2\$aNational Research Council (U.S.).$bBoard on Infrastructure and the Constructed Environment.
=852  41$aBritish Library$bDSC$jm12/.10823
=856  41$uhttp://www.nap.edu/catalog.php?record_id=13140
=985  \\$aCorrected by MS generated file for WR# 13.051
=CAT  \\$aBATCH-APP$b00$c20120127$lBLL01$h2102
=CAT  \\$a11002$b40$c20120208$lBLL01$h1343
=CAT  \\$a11002$b40$c20120208$lBLL01$h1344
=CAT  \\$aBLSS-CORR$b00$c20130327$lBLL01$h1529
=FIN  \\$aY$d20120208
=FMT  \\$a  BK
=LAS  \\$aBLSS-CORR$b00$c20130327$lBLL01$h1529
=SID  \\$aZ39$bOCLC

