=LDR  03091 am a22004697a 4500
=001  016023907
=003  Uk
=005  20120217072444.0
=008  110921s2011\\\\dcua\\\\\b\\\\000\0\eng\c
=020  \\$a9780309218696
=020  \\$a0309218691
=035  \\$a(OCoLC)754723537$z(OCoLC)753637370
=040  \\$aBTCTA$beng$cBTCTA$dAAA$dUPM$dYDXCP$dUk
=042  \\$aukblderived
=043  \\$an-us---
=050  \4$aTL789.8.U5$bN3133 2011
=082  04$a629.45070973$223$qUK-WkNB
=110  2\$aNational Research Council (U.S.).$bCommittee on Human Spaceflight Crew Operations.
=245  10$aPreparing for the high frontier :$bthe role and training of NASA astronauts in the post- space shuttle era /$cCommittee on Human Spaceflight Crew Operations, Aeronautics and Space Engineering Board, Division on Engineering and Physical Sciences, National Research Council of the National Academies.
=260  \\$aWashington, D.C. :$bNational Academies Press,$cc2011.
=300  \\$axii, 101p. :$bill. (chiefly col.) ;$c28 cm.
=336  \\$atext$2rdacontent
=337  \\$aunmediated$2rdamedia
=338  \\$avolume$2rdacarrier
=504  \\$aIncludes bibliographical references.
=505  0\$aThe evolution of the U.S. astronaut program -- NASA's human spaceflight: the role and size of activities managed by the flight crew operations directorate -- Post-shuttle spaceflight crew training resources: ground-based facilities and T-38N talon aircraft.
=520  \\$aAs the National Aeronautics and Space Administration (NASA) retires the Space Shuttle and shifts involvement in International Space Station (ISS) operations, changes in the role and requirements of NASA's Astronaut Corps will take place. At the request of NASA, the National Research Council (NRC) addressed three main questions about these changes: what should be the role and size of Johnson Space Center's (JSC) Flight Crew Operations Directorate (FCOD); what will be the requirements of astronaut training facilities; and is the Astronaut Corps' fleet of training aircraft a cost-effective means of preparing astronauts for NASA's spaceflight program? This report presents an assessment of several issues driven by these questions. This report does not address explicitly the future of human spaceflight.
=530  \\$aAlso available online in Open Book format via the National Academies Press home page.
=610  10$aUnited States.$bNational Aeronautics and Space Administration.
=650  \0$aSpace flight training$zUnited States.
=650  \0$aSpace flight training facilities$zUnited States.
=710  2\$aNational Research Council (U.S.).$bAeronautics and Space Engineering Board.
=852  41$aBritish Library$bDSC$jm12/.10910
=856  41$uhttp://www.nap.edu/catalog.php?record_id=13227
=985  \\$aCorrected by MS generated file for WR# 13.051
=CAT  \\$aBATCH-APP$b00$c20120203$lBLL01$h2111
=CAT  \\$a11002$b40$c20120217$lBLL01$h0724
=CAT  \\$aBLSS-CORR$b00$c20130327$lBLL01$h1529
=FIN  \\$aY$d20120217
=FMT  \\$a  BK
=LAS  \\$aBLSS-CORR$b00$c20130327$lBLL01$h1529
=SID  \\$aZ39$bOCLC

