=LDR  04534 am a22005297a 4500
=001  016028741
=003  Uk
=005  20120221173414.0
=008  110921s2011\\\\dcua\\\\\b\\\\100\0\eng\c
=020  \\$a9780309211512 (pbk.)
=020  \\$a0309211514
=035  \\$a(OCoLC)753956150
=040  \\$aNhCcYBP$cNhCcYBP$dUk
=042  \\$aukblderived
=050  \4$aHV6626$b.I564 2011
=082  04$a362.82/92$223
=110  2\$aInstitute of Medicine (U.S.).$bForum on Global Violence Prevention.
=245  10$aPreventing violence against women and children :$bworkshop summary /$cDeepali M. Patel, rapporteur ; Forum on Global Violence Prevention, Board on Global Health, Institute of Medicine of the National Academies.
=260  \\$aWashington, D.C. :$bNational Academies Press,$cc2011.
=300  \\$axiii, 222 p. :$bill. ;$c23 cm.
=336  \\$atext$2rdacontent
=337  \\$aunmediated$2rdamedia
=338  \\$avolume$2rdacarrier
=500  \\$aOn cover: Institute of Medicine and National Research Council of the National Academies.
=500  \\$a"On January 27-28, 2011, the Institute of Medicine's Forum on Global Violence Prevention convened its first workshop to explore the prevention of violence against women and children."--P. 1.
=504  \\$aIncludes bibliographical references.
=505  0\$aIntroduction -- The co-ocurrence of child maltreatment and intimate partner violence -- Paradigm shifts and changing social norms in violence prevention -- The state of prevention research in low-and middle-income countries - Violence prevention among multiple sectors -- Papers on research in preventing violence against women and children -- Papers on global partnerships and government initiatives -- Papers on preventive interventions.
=520  \\$a"Violence against women and children is a serious public health concern, with costs at multiple levels of society. Although violence is a threat to everyone, women and children are particularly susceptible to victimization because they often have fewer rights or lack appropriate means of protection. In some societies certain types of violence are deemed socially or legally acceptable, thereby contributing further to the risk to women and children. In the past decade research has documented the growing magnitude of such violence, but gaps in the data still remain. Victims of violence of any type fear stigmatization or societal condemnation and thus often hesitate to report crimes. The issue is compounded by the fact that for women and children the perpetrators are often people they know and because some countries lack laws or regulations protecting victims. Some of the data that have been collected suggest that rates of violence against women range from 15 to 71 percent in some countries and that rates of violence against children top 80 percent. These data demonstrate that violence poses a high burden on global health and that violence against women and children is common and universal. Preventing violence against women and children focuses on these elements of the cycle as they relate to interrupting this transmission of violence. Intervention strategies include preventing violence before it starts as well as preventing recurrence, preventing adverse effects (such as trauma or the consequences of trauma), and preventing the spread of violence to the next generation or social level. Successful strategies consider the context of the violence, such as family, school, community, national, or regional settings, in order to determine the best programs."--Publisher's description.
=530  \\$aAlso issued online in Open Book format via the National Academies Press home page.
=650  \0$aFamily violence$xPrevention$vCongresses.
=650  \0$aVictims of family violence$vCongresses.
=650  \0$aWomen$xViolence against$xPrevention$vCongresses.
=650  \0$aChildren$xViolence against$xPrevention$vCongresses.
=650  \0$aFamily violence.
=690  7\$aSocial Welfare$2blcoll
=710  2\$aNational Research Council (U.S.)
=711  2\$aWorkshop on Preventing Violence Against Women and Children$d(2011 :$cWashington, D.C.)
=852  41$aBritish Library$bDSC$jm12/.10984
=856  41$uhttp://www.nap.edu/catalog.php?record_id=13139
=CAT  \\$aBATCH-APP$b00$c20120210$lBLL01$h2105
=CAT  \\$a11002$b40$c20120221$lBLL01$h1734
=CAT  \\$aBATCH-SWP$c20120225$lBLL01$h0157
=FIN  \\$aY$d20120221
=FMT  \\$a  BK
=LAS  \\$aBATCH-SWP$b00$c20120225$lBLL01$h0157
=SID  \\$aZ39$bOCLC
=SRC  \\$aBlackwells

