=LDR  04733 am a2200493 a 4500
=001  016033086
=003  Uk
=005  20120224094013.0
=008  110927s2011\\\\dcua\\\\\b\\\\100\0\eng\c
=020  \\$a0309217903
=020  \\$a9780309217903
=035  \\$a(OCoLC)754846760
=040  \\$aNRZ$cNRZ$dNIE$dNTD$dUPM$dYDXCP$dBWX$dUk
=042  \\$aukblderived
=043  \\$an-us---
=050  \4$aLA217.2$b.A797 2011
=082  04$a370.973$223$qUK-WkNB
=245  00$aAssessing 21st century skills :$bsummary of a workshop /$cJudith Anderson Koenig, rapporteur ; Committee on the Assessment of 21st Century Skills ; Board on Testing and Assessment, Division of Behavioral and Social Sciences and Education, National Research Council of the National Academies.
=246  3\$aAssessing twenty-first century skills
=260  \\$aWashington, D.C. :$bNational Academies Press,$cc2011.
=300  \\$axi, 142 p. :$bill. ;$c23 cm.
=336  \\$atext$2rdacontent
=337  \\$aunmediated$2rdamedia
=338  \\$avolume$2rdacarrier
=504  \\$aIncludes bibliographical references (p. 119-126).
=520  \\$a"The routine jobs of yesterday are being replaced by technology and/or shipped off-shore. In their place, job categories that require knowledge management, abstract reasoning, and personal services seem to be growing. The modern workplace requires workers to have broad cognitive and affective skills. Often referred to as "21st century skills," these skills include being able to solve complex problems, to think critically about tasks, to effectively communicate with people from a variety of different cultures and using a variety of different techniques, to work in collaboration with others, to adapt to rapidly changing environments and conditions for performing tasks, to effectively manage one's work, and to acquire new skills and information on one's own. The National Research Council (NRC) has convened two prior workshops on the topic of 21st century skills. .The first, held in 2007, was designed to examine research on the skills required for the 21st century workplace and the extent to which they are meaningfully different from earlier eras and require corresponding changes in educational experiences. The second workshop, held in 2009, was designed to explore demand for these types of skills, consider intersections between science education reform goals and 21st century skills, examine models of high-quality science instruction that may develop the skills, and consider science teacher readiness for 21st century skills. The third workshop was intended to delve more deeply into the topic of assessment. The goal for this workshop was to capitalize on the prior efforts and explore strategies for assessing the five skills identified earlier. .The Committee on the Assessment of 21st Century Skills was asked to organize a workshop that reviewed the assessments and related research for each of the five skills identified at the previous workshops, with special attention to recent developments in technology-enabled assessment of critical thinking and problem-solving skills. In designing the workshop, the committee collapsed the five skills into three broad clusters as shown below: Cognitive skills: nonroutine problem solving, critical thinking, systems thinking Interpersonal skills: complex communication, social skills, team-work, cultural sensitivity, dealing with diversity Intrapersonal skills: self-management, time management, self-development, self-regulation, adaptability, executive functioning. Assessing 21st century skills provides an integrated summary of the presentations and discussions from both parts of the third workshop."--Publisher's description.
=530  \\$aAlso available in Open Book format via the National Academies Press home page.
=650  \0$aEducation$zUnited States$y21st century$vCongresses.
=650  \0$aInterpersonal communication$y21st century$vCongresses.
=650  \0$aInterpersonal relations$y21st century$vCongresses.
=650  \0$aTwenty-first century$xForecasting.
=700  1\$aKoenig, Judith A.
=710  2\$aNational Research Council (U.S.).$bCommittee on the Assessment of 21st Century Skills.
=710  2\$aNational Research Council (U.S.).$bCenter for Education.$bBoard on Testing and Assessment.
=852  41$aBritish Library$bDSC$jm12/.11012
=856  41$uhttp://www.nap.edu/catalog.php?record_id=13215
=985  \\$aCorrected by MS generated file for WR# 13.051
=CAT  \\$aBATCH-APP$b00$c20120217$lBLL01$h2109
=CAT  \\$a11131$b40$c20120224$lBLL01$h0940
=CAT  \\$aBLSS-CORR$b00$c20130327$lBLL01$h1529
=FIN  \\$aY$d20120224
=FMT  \\$a  BK
=LAS  \\$aBLSS-CORR$b00$c20130327$lBLL01$h1529
=SID  \\$aZ39$bOCLC

