=LDR  05117 am a2200613 a 4500
=001  016037529
=003  Uk
=005  20120306092000.0
=008  110923s2012\\\\dcua\\\\\b\\\\100\0\eng\c
=020  \\$a9780309215435
=020  \\$a0309215439
=035  \\$a(OCoLC)754743035
=040  \\$aBTCTA$beng$cBTCTA$dAAA$dUPM$dUk
=042  \\$aukblderived
=043  \\$an-us---
=050  \4$aRA411$b.P48 2012
=082  04$a363.10680973$223$qUK-WkNB
=245  00$aPerspectives on essential health benefits :$bworkshop report /$cCheryl Ulmer, Bernadette McFadden, and Cassandra Cacace, rapporteurs ; Committee on Defining and Revising an Essential Health Benefits Package for Qualified Health Plans, Board on Health Care Services, National Research Council of the National Academies.
=246  30$aEssential health benefits
=260  \\$aWashington, D.C. :$bNational Academies Press,$cc2012.
=300  \\$axvii, 164 p. :$bill. ;$c28 cm.
=336  \\$atext$2rdacontent
=337  \\$aunmediated$2rdamedia
=338  \\$avolume$2rdacarrier
=504  \\$aIncludes bibliographical references.
=505  0\$aIntroduction -- The policy context for essential health benefits -- Purchaser perspectives on the EHB -- State experiences with defining a minimum benefit standard -- Medical necessity and use of evidence -- Insurer decisions of benefit coverage and medical necessity -- Examining two categories of care in section 1302 -- Non-discrimination in the required elements for consideration -- Additional stakeholder perspectives -- Two private-sector approaches to benefit coverage and design -- Deciding what is essential and evidence-based in two states for public insurance programs -- Lessons from California's benefit review process -- Priority setting and value-based insurance design -- Assessing affordability and the potential for underinsurance.
=520  \\$aThe Patient Protection and Affordable Care Act (herein known as the Affordable Care Act [ACA]) was signed into law on March 23, 2010. Several provisions of the law went into effect in 2010 (including requirements to cover children up to age 26 and to prohibit insurance companies from denying coverage based on preexisting conditions for children). Other provisions will go into effect during 2014, including the requirement for all individuals to purchase health insurance. In 2014, insurance purchasers will be allowed, but not obliged, to buy their coverage through newly established health insurance exchanges (HIEs)--marketplaces designed to make it easier for customers to comparison shop among plans and for low and moderate income individuals to obtain public subsidies to purchase private health insurance. The exchanges will offer a choice of private health plans, and all plans must include a standard core set of covered benefits, called essential health benefits (EHBs). The Department of Health and Human Services requested that the Institute of Medicine (IOM) recommend criteria and methods for determining and updating the EHBs. In response, the IOM convened two workshops in 2011 where experts from federal and state government, as well as employers, insurers, providers, consumers, and health care researchers were asked to identify current methods for determining medical necessity, and share decision-making approaches to determining which benefits would be covered and other benefit design practices. Essential health benefits summarizes the presentations in this workshop. The committee's recommendations will be released in a subsequent report.
=530  \\$aAlso available in Open Book format via the National Academies Press home page.
=610  10$aUnited States.$tPatient Protection and Affordable Care Act$vCongresses.
=650  \0$aMedical policy$zUnited States$xStates$vCongresses.
=650  \0$aRight to health$zUnited States$xStates$vCongresses.
=650  \0$aHealth insurance$zUnited States$xStates$vCongresses.
=650  \0$aHealth insurance$zUnited States$xCosts$xForecasting$vCongresses.
=650  \0$aMedical care, Cost of$zUnited States$xForecasting$vCongresses.
=650  \0$aHealth services accessibility$zUnited States$vCongresses.
=650  \0$aHealth care reform$zUnited States$vCongresses.
=650  \0$aWelfare economics$vCongresses.
=650  \0$aFairness$vCongresses.
=700  1\$aUlmer, Cheryl.
=700  1\$aMcFadden, Bernadette.
=700  1\$aCacace, Cassandra.
=710  2\$aInstitute of Medicine (U.S.).$bBoard on Health Care Services.
=710  2\$aInstitute of Medicine (U.S.).$bCommittee on Defining and Revising an Essential Health Benefits Package for Qualified Health Plans.
=852  41$aBritish Library$bDSC$jm12/.11142
=856  41$uhttp://www.nap.edu/catalog.php?record_id=13182
=985  \\$aCorrected by MS generated file for WR# 13.051
=CAT  \\$aBATCH-APP$b00$c20120224$lBLL01$h2112
=CAT  \\$a10904$b40$c20120306$lBLL01$h0919
=CAT  \\$a10904$b40$c20120306$lBLL01$h0920
=CAT  \\$aBLSS-CORR$b00$c20130327$lBLL01$h1529
=FIN  \\$aY$d20120306
=FMT  \\$a  BK
=LAS  \\$aBLSS-CORR$b00$c20130327$lBLL01$h1529
=SID  \\$aZ39$bOCLC

