=LDR  01956 am a22004577a 4500
=001  016037534
=003  Uk
=005  20120305085354.0
=008  120103s2011\\\\dcua\\\\\b\\\\000\0\eng\\
=020  \\$a9780309218184
=020  \\$a0309218187
=035  \\$a(OCoLC)770087865
=040  \\$aNRZ$beng$cNRZ$dAAA$dUPM$dYDXCP$dUk
=042  \\$aukblsr
=050  \4$aRC387.5$b.I477 2011
=082  04$a614.4810443$223$qUK-WkNB
=110  2\$aInstitute of Medicine (U.S.).$bCommittee on Cognitive Rehabilitation Therapy for Traumatic Brain Injury.
=245  10$aCognitive rehabilitation therapy for traumatic brain injury :$bevaluating the evidence /$cCommittee on Cognitive Therapy for Traumatic Brain Injury ; Rebecca Koehler, Erin E. Wilhelm, Ira Shoulson, editors ; Board on the Health of Select Populations, Institute of Medicine of the National Academies.
=260  \\$aWashington, D.C. :$bNational Academy Press,$cc2011.
=300  \\$axxii, 333 p. :$bcol. ill. ;$c23 cm.
=336  \\$atext$2rdacontent
=337  \\$aunmediated$2rdamedia
=338  \\$avolume$2rdacarrier
=504  \\$aIncludes bibliographical references.
=530  \\$aAlso available in Open Book format via the National Academies Press home page.
=650  \0$aBrain$xWounds and injuries$xPatients$xRehabilitation$xEvaluation.
=650  \0$aCognition disorders$xPatients$xRehabilitation$xEvaluation.
=700  1\$aKoehler, Rebecca.
=700  1\$aWilhelm, Erin E.
=700  1\$aShoulson, Ira.
=852  41$aBritish Library$bDSC$jm12/.11098
=856  41$uhttp://www.nap.edu/catalog.php?record_id=13220
=985  \\$aCorrected by MS generated file for WR# 13.051
=CAT  \\$aBATCH-APP$b00$c20120224$lBLL01$h2112
=CAT  \\$a11131$b40$c20120302$lBLL01$h1329
=CAT  \\$a6916$b40$c20120305$lBLL01$h0853
=CAT  \\$aBLSS-CORR$b00$c20130327$lBLL01$h1529
=FIN  \\$aY$d20120305
=FMT  \\$a  BK
=LAS  \\$aBLSS-CORR$b00$c20130327$lBLL01$h1529
=SID  \\$aZ39$bOCLC

