=LDR  05006 am a22005657a 4500
=001  016051690
=003  Uk
=005  20120323141134.0
=008  120309s2011\\\\dcua\\\\\b\\\\100\0\eng\d
=010  \\$a2012382325
=020  \\$a9780309210713
=020  \\$a0309210712
=035  \\$a(OCoLC)ocn768774311
=040  \\$aNhCcYBP$beng$cNhCcYBP$dUk
=082  04$a358.3882$223$qUK-WkNB
=245  00$aLife sciences and related fields :$btrends relevant to the Biological Weapons Convention /$cCommittee on Trends in Science and Technology Relevant to the Biological Weapons Convention: An International Workshop, Board on Life Sciences, Division on Earth and Life Studies, National Research Council of the National Academies ; in cooperation with Chinese Academy of Sciences, IAP--The Global Network of Science Academies, International Union of Biochemistry and Molecular Biology, International Union of Microbiological Societies.
=246  30$aTrends relevant to the Biological Weapons Convention
=260  \\$aWashington, D.C. :$bNational Academies Press,$cc2011.
=300  \\$axiv, 150 p. :$bill. ;$c23 cm.
=336  \\$atext$2rdacontent
=337  \\$aunmediated$2rdamedia
=338  \\$avolume$2rdacarrier
=504  \\$aIncludes bibliographical references (p. 119-132).
=505  0\$aIntroduction -- The pace of developments in the life sciences -- Diffusion of life sciences research capacity and applications -- Integration of multiple disciplines in life sciences research -- Monitoring and assessing trends in science and technology.
=520  \\$aDuring the last decade, national and international scientific organizations have become increasingly engaged in considering how to respond to the biosecurity implications of developments in the life sciences and in assessing trends in science and technology (S&T) relevant to biological and chemical weapons nonproliferation. The latest example is an international workshop, Trends in Science and Technology Relevant to the Biological Weapons Convention, held October 31 - November 3, 2010 at the Institute of Biophysics of the Chinese Academy of Sciences in Beijing. Life Sciences and Related Fields summarizes the workshop, plenary, and breakout discussion sessions held during this convention. Given the immense diversity of current research and development, the report is only able to provide an overview of the areas of science and technology the committee believes are potentially relevant to the future of the Biological and Toxic Weapons Convention (BWC), although there is an effort to identify areas that seemed particularly ripe for further exploration and analysis. The report offers findings and conclusions organized around three fundamental and frequently cited trends in S&T that affect the scope and operation of the convention: The rapid pace of change in the life sciences and related fields; The increasing diffusion of life sciences research capacity and its applications, both internationally and beyond traditional research institutions; and The extent to which additional scientific and technical disciplines beyond biology are increasingly involved in life sciences research. The report does not make recommendations about policy options to respond to the implications of the identified trends. The choice of such responses rests with the 164 States Parties to the Convention, who must take into account multiple factors beyond the project's focus on the state of the science.
=530  \\$aAlso available online.
=591  \\$aSummary and report.
=630  00$aConvention on the Prohibition of the Development, Production, and Stockpiling of Bacteriological (Biological) and Toxin Weapons and on Their Destruction$d(1972)$vCongresses.$vCongresses.
=650  \0$aBiosecurity$vCongresses.
=650  \0$aChemical weapons$xTechnological innovations$vCongresses.
=650  \0$aBiological weapons$xTechnological innovations$vCongresses.
=650  \0$aArms control$vCongresses.
=650  \0$aBioterrorism$xPrevention$vCongresses.
=710  2\$aNational Research Council (U.S.).$bCommittee on Trends in Science and Technology Relevant to the Biological Weapons Convention : An International Workshop.
=710  2\$aZhongguo ke xue yuan.
=710  2\$aIAP--the Global Network of Science Academies.
=710  2\$aInternational Union of Biochemistry and Molecular Biology.
=710  2\$aInternational Union of Microbiological Societies.
=852  41$aBritish Library$bDSC$jm12/.11337
=856  41$uhttp://www.nap.edu/catalog.php?record_id=13130
=985  \\$aCorrected by MS generated file for WR# 13.051
=CAT  \\$aBATCH-APP$b00$c20120316$lBLL01$h2102
=CAT  \\$a8962$b40$c20120323$lBLL01$h1407
=CAT  \\$a8962$b40$c20120323$lBLL01$h1411
=CAT  \\$aBLSS-CORR$b00$c20130327$lBLL01$h1529
=CNF  \\$aLife Sciences and Related Fields (Conference)$d(2010 Oct :$cBeijing, China)
=FIN  \\$aY$d20120323
=FMT  \\$a  BK
=LAS  \\$aBLSS-CORR$b00$c20130327$lBLL01$h1529
=SID  \\$aZ39$bLOC

