=LDR  04359 am a22004457a 4500
=001  016064613
=003  Uk
=005  20120417163910.0
=008  111229s2011\\\\dcua\\\\\b\\\\000\0\eng\c
=020  \\$a9780309219099
=020  \\$a0309219094
=035  \\$a(OCoLC)769770238
=040  \\$aNRZ$cNRZ$dORU$dAAA$dYDXCP$dE7B$dCDX$dOCLCQ$dUk
=042  \\$aukblderived
=082  04$a572.40973$223$qUK-WkNB
=245  00$aAnimal models for assessing countermeasures to bioterrorism agents /$cCommittee on Animal Models for Assessing Countermeasures to Bioterrorism Agents, Institute for Laboratory Animal Research, Division on Earth and Life Studies, National Research Council of the National Academies.
=260  \\$aWashington, DC :$bNational Academies Press,$cc2011.
=300  \\$axiii, 137 p. :$bill. (some col.) ;$c28 cm.
=336  \\$atext$2rdacontent
=337  \\$aunmediated$2rdamedia
=338  \\$avolume$2rdacarrier
=504  \\$aIncludes bibliographical references (p. 15-26).
=505  0\$aIntroduction -- Evaluation of urrent and future TMT-used animal models -- Ethical and regulatory challenges in the development of countermeasures -- Developing new animal models for biodefense research -- Alternative approaches to animal testing for biodefense countermeasures.
=505  0\$aAppendices: The animal rule -- Draft guidance to industry: animal models-essential elements to address efficacy under the animal rule -- Developing animal models for use in animal rule licensure: the NIAID approach.
=520  \\$a"The Transformational Medical Technologies (TMT) has been a unique component of the U.S. Department of Defense (DoD) medical biodefense efforts since 2006. Its mission is to advance countermeasure research and development in support of the broader goal of the DoD to protect warfighters from emerging infectious diseases and future genetically engineered biological weapons. The TMT, using advanced science and technology approaches, focused on the development of roadspectrum countermeasures that target common host and pathogen pathways or enhance the host's immune response. Many of these pathogens are lethal or cause such debilitating diseases in humans that it is ethically inappropriate to test the efficacy of these countermeasures in human volunteers. In lieu of human participants, these products may be tested in animals and approved for human use under the provisions of the Food and Drug Administration (FDA)'s 2002 Animal Rule. The reliance on animal models for the development and licensure of medical countermeasures against biothreats is challenging for a number of reasons. The ad hoc Committee on Animal Models for Assessing Countermeasures to Bioterrorism Agents prepared a consensus report that would address the challenges stemming from developing and testing medical countermeasures against biothreat agents in animal models. Animal Models for Assessing Countermeasures to Bioterrorism Agents evaluates how well the existing TMT-employed or candidate animal models reflect the pathophysiology, clinical picture, and treatment of human disease as related to the agents of interest. The report addresses the process and/or feasibility of developing new animal models for critical biodefense research, placing emphasis on the need for a robust and expeditious validation process in terms of the FDA's Animal Rule. The report also evaluates alternatives to the use of animal models based on the premise of the Three Rs"--Publisher's description.
=530  \\$aAlso available online in Open Book format via the National Academies Press home page.
=650  \0$aAnimal experimentation$xStandards.
=650  \0$aBioterrorism$xPrevention$xResearch$zUnited States.
=650  \0$aAnimal models in research$xStandards$zUnited States.
=710  2\$aInstitute for Laboratory Animal Research (U.S.).$bCommittee on Animal Models for Assessing Countermeasures to Bioterrorism Agents.
=852  41$aBritish Library$bDSC$jm12/.11621
=856  41$uhttp://www.nap.edu/catalog.php?record_id=13233
=985  \\$aCorrected by MS generated file for WR# 13.051
=CAT  \\$aBATCH-APP$b00$c20120406$lBLL01$h2105
=CAT  \\$a11002$b40$c20120417$lBLL01$h1639
=CAT  \\$aBLSS-CORR$b00$c20130327$lBLL01$h1529
=FIN  \\$aY$d20120417
=FMT  \\$a  BK
=LAS  \\$aBLSS-CORR$b00$c20130327$lBLL01$h1529
=SID  \\$aZ39$bOCLC

