=LDR  03055 am a2200493 a 4500
=001  016066521
=003  Uk
=005  20120425083556.0
=008  111204s2012\\\\dcua\\\\\b\\\\100\0\eng\c
=020  \\$a9780309219297
=020  \\$a0309219299
=035  \\$a(OCoLC)767570602
=040  \\$aBTCTA$beng$cBTCTA$dUPM$dAAA$dNRZ$dYDXCP$dUk
=042  \\$aukblderived
=043  \\$an-us---
=050  \4$aR853.C55$bP82 2011
=082  04$a615.50724$223$qUK-WkNB
=111  2\$aPublic Engagement and Clinical Trials: New Models and Disruptive Technologies$d(2011 :$cMount Sinai School of Medicine)
=245  10$aPublic engagement and clinical trials :$bnew models and disruptive technologies : workshop summary /$cVictoria Weisfeld, Rebecca A. English, and Anne B. Claiborne, rapporteurs ; Forum on Drug Discovery, Development, and Translation, Board on Health Sciences Policy, Institute of Medicine of the National Academies.
=260  \\$aWashington, D.C. :$bNational Academies Press,$cc2012.
=300  \\$axvi, 124 p. :$b1 col. ill. ;$c23 cm.
=336  \\$atext$2rdacontent
=337  \\$aunmediated$2rdamedia
=338  \\$avolume$2rdacarrier
=504  \\$aIncludes bibliographical references (p. 85-87).
=505  0\$aIntroduction -- Recruitment challenges in clinical trials for different diseases and conditions -- Models for public engagement -- Messages and methods for public engagement -- The media -- Novel clinical trials designs -- The health system's structure and culture -- Toward a patient-centered strategy for clinical trials.
=520  \\$aClinical trials provide essential information needed to turn basic medical research findings into patient treatments. New treatments must be studied in large numbers of humans to find out whether they are effective and to assess any harm that may arise from treatment. There is growing recognition among many stakeholders that the U.S. clinical trials enterprise is unable to keep pace with the national demand for research results. The IOM, along with the Mount Sinai School of Medicine, held a workshop June 27-28, 2011, to engage stakeholders and experts in a discussion about possible solutions to improve public engagement in clinical trials.
=530  \\$aAlso available in Open Book format via the National Academies Press home page.
=650  \0$aClinical trials$zUnited States$vCongresses.
=700  1\$aWeisfeld, Victoria D.
=700  1\$aEnglish, Rebecca A.
=700  1\$aClaiborne, Anne B.
=710  2\$aInstitute of Medicine (U.S.).$bForum on Drug Discovery, Development, and Translation.
=710  2\$aMount Sinai School of Medicine.
=852  41$aBritish Library$bDSC$jm12/.11692
=856  41$uhttp://www.nap.edu/catalog.php?record_id=13237
=985  \\$aCorrected by MS generated file for WR# 13.051
=CAT  \\$aBATCH-APP$b00$c20120413$lBLL01$h2101
=CAT  \\$a11131$b40$c20120425$lBLL01$h0835
=CAT  \\$aBLSS-CORR$b00$c20130327$lBLL01$h1529
=FIN  \\$aY$d20120425
=FMT  \\$a  BK
=LAS  \\$aBLSS-CORR$b00$c20130327$lBLL01$h1529
=SID  \\$aZ39$bOCLC

