=LDR  04232 am a2200565 a 4500
=001  016070693
=003  Uk
=005  20120426080650.0
=008  120217s2012\\\\dcua\\\\\b\\\\100\0\eng\c
=020  \\$a9780309220248
=020  \\$a0309220246
=035  \\$a(OCoLC)777253097
=040  \\$aNRZ$cNRZ$dUPM$dAAA$dYDXCP$dBWX$dUk
=042  \\$aukblderived
=050  \4$aHV6626$b.W677 2011
=082  04$a362.88$223$qUK-WkNB
=111  2\$aWorkshop on the Social and Economic Costs of Violence: The Value of Prevention$d(2011 :$cWashington, D.C.)
=245  10$aSocial and economic costs of violence :$bworkshop summary /$cDeepali M. Patel and Rachel M. Taylor, rapporteurs ; Forum on Global Violence Prevention, Board on Global Health ; Institute of Medicine and National Research Council of the National Academies.
=260  \\$aWashington, D.C. :$bNational Academies Press,$cc2012.
=300  \\$axiii, 177 p. :$bill. ;$c23 cm.
=336  \\$atext$2rdacontent
=337  \\$aunmediated$2rdamedia
=338  \\$avolume$2rdacarrier
=500  \\$a"On April 28-29, 2011, the Institute of Medicine's Forum on Global Violence Prevention convened its second workshop to explore the social and economic costs of violence."--P. 1.
=504  \\$aIncludes bibliographical references.
=505  0\$aIntroduction -- Approaches to measurement and costing methdology -- Challenges in calculating costs -- Toward a bigger picture of the costs of violence -- The promise of investing in violence prevention.
=505  0\$aPapers on direct and indirect costs of violence: The costs of interpersonal violence: an international review -- Consequences of elder abuse: the needs for social justice and policy implications -- Costs of firearm violence: how you measure things matters -- The contagion of violence: the extent, the processes, and the outcomes -- How persistent fear and anxiety can affect young children's learning, behavior, and health.
=505  0\$aPapers on context and place: Social contexts and violence -- The impact of war on child development and mental health: a longitudinal study of risk and resilience among former child soldiers in Sierra Leone -- Intimate partner violence in low- and middle-income countries: high costs to households and communities -- Youth violence in Kingston, Jamaica.
=505  0\$aPapers on investing in prevention: The value of prevention -- Communities that care: bridging science and community practice to prevent adolescent health and behavior problems including violence.
=520  \\$a"Measuring the social and economic costs of violence can be difficult, and most estimates only consider direct economic effects, such as productivity loss or the use of health care services. Communities and societies feel the effects of violence through loss of social cohesion, financial divestment, and the increased burden on the healthcare and justice systems. Initial estimates show that early violence prevention intervention has economic benefits. The IOM Forum on Global Violence Prevention held a workshop to examine the successes and challenges of calculating direct and indirect costs of violence, as well as the potential cost-effectiveness of intervention."--Publisher's description.
=530  \\$aAlso available in Open Book format via the National Academies Press home page.
=650  \0$aViolence$xSocial aspects$vCongresses.
=650  \0$aViolence$xEconomic aspects$vCongresses.
=650  \0$aFamily violence$xEconomic aspects$vCongresses.
=650  \0$aVictims of family violence$vCongresses.
=650  \0$aViolence$xResearch$vCongresses.
=700  1\$aPatel, Deepali.
=700  1\$aTaylor, Rachel M.
=710  2\$aInstitute of Medicine (U.S.).$bForum on Global Violence Prevention.
=710  2\$aNational Research Council (U.S.)
=852  41$aBritish Library$bDSC$jm12/.11822
=856  41$uhttp://www.nap.edu/catalog.php?record_id=13254
=985  \\$aCorrected by MS generated file for WR# 13.051
=CAT  \\$aBATCH-APP$b00$c20120420$lBLL01$h2104
=CAT  \\$a11131$b40$c20120426$lBLL01$h0806
=CAT  \\$aBLSS-CORR$b00$c20130327$lBLL01$h1529
=FIN  \\$aY$d20120426
=FMT  \\$a  BK
=LAS  \\$aBLSS-CORR$b00$c20130327$lBLL01$h1529
=SID  \\$aZ39$bOCLC

