=LDR  02967 am a22005055  4500
=001  016105190
=003  Uk
=005  20120625130326.0
=008  120516s2012\\\\dcuab\\\\b\\\f100\0\eng\d
=010  \\$a  2011278403
=020  \\$a9780309222396
=020  \\$a0309222397
=035  \\$a(OCoLC)ocn779583144
=040  \\$aNhCcYBP$cNhCcYBP$dUk
=042  \\$aukblderived
=043  \\$an-us---
=050  00$aRC628$b.W635 2011
=082  04$a362.196398$223$qUK-WkNB
=111  2\$aWorkshop on Measurement Strategies for Accelerating Progress in Obesity Prevention$d(2011 :$cIrvine, Calif.)
=245  10$aMeasuring progress in obesity prevention :$bworkshop report /$cCommittee on Accelerating Progress in Obesity Prevention, Food and Nutrition Board, Institute of Medicine of the National Academies.
=260  \\$aWashington, D.C. :$bNational Academies Press,$cc2012.
=300  \\$axiii, 144 p. :$bill., map ;$c23 cm.
=336  \\$atext$2rdacontent
=337  \\$aunmediated$2rdamedia
=338  \\$avolume$2rdacarrier
=504  \\$aIncludes bibliographic references.
=505  0\$aIntroduction and workshop goals -- Physical activity and the built environment -- The food and nutrition environment -- Looking across domains -- Assessing the impact of marketing and industry -- Assessing state and community efforts -- Disparities and measurement -- Summary of workshop themes.
=520  \\$a"Nearly 69 percent of U.S. adults and 32 percent of children are either overweight or obese, creating an annual medical cost burden that may reach 1.47 billion dollars. Researchers and policy makers are eager to identify improved measures of environmental and policy factors that contribute to obesity prevention. The IOM formed the Committee on Accelerating Progress in Obesity Prevention to review the IOM's past obesity-related recommendations, identify a set of recommendations for future action, and recommend indicators of progress in implementing these actions. The committee held a workshop in March 2011 about how to improve measurement of progress in obesity prevention"--$cPublisher's description.
=530  \\$aAlso available online.
=650  \0$aObesity$zUnited States$xPrevention$vCongresses.
=650  \0$aNutrition policy$zUnited States$vCongresses.
=650  \0$aNutrition$xResearch$zUnited States$vCongresses.
=650  \0$aHealth status indicators$zUnited States$vCongresses.
=710  2\$aInstitute of Medicine (U.S.).$bCommittee on Accelerating Progress in Obesity Prevention.
=852  41$aBritish Library$bDSC$jm12/.13051
=856  41$uhttp://www.nap.edu/catalog.php?record_id=13287#toc
=985  \\$aCorrected by MS generated file for WR# 13.051
=CAT  \\$aBATCH-APP$b00$c20120615$lBLL01$h2107
=CAT  \\$a5703$b40$c20120625$lBLL01$h1303
=CAT  \\$aBLSS-CORR$b00$c20130327$lBLL01$h1529
=FIN  \\$aY$d20120625
=FMT  \\$a  BK
=LAS  \\$aBLSS-CORR$b00$c20130327$lBLL01$h1529
=SRC  \\$aBlackwells
=SRC  \\$aBLL02

