=LDR  02279 am a22005055  4500
=001  016109570
=003  Uk
=005  20120709110634.0
=008  120618s2012\\\\dcua\\\\\b\\\\000\0\eng\c
=010  \\$a  2012418110
=020  \\$a9780309254168 (pbk.)
=020  \\$a0309254167 (pbk.)
=035  \\$a(OCoLC)ocn793282903
=040  \\$aNhCcYBP$cNhCcYBP$dUk
=042  \\$aukblcatcopy
=043  \\$an-us---
=050  00$aKF9227.C2$bD48 2012
=082  04$a364.6601$223$qUK-WkNB
=245  00$aDeterrence and the death penalty /$cCommittee on Deterrence and the Death Penalty ; Daniel S. Nagin and John V. Pepper, editors ; Committee on Law and Justice, Division of Behavioral and Social Sciences and Education, National Research Council of the National Academies.
=260  \\$aWashington, D.C. :$bNational Academies Press,$cc2012.
=300  \\$axv, 127 p. :$bill. ;$c23 cm.
=336  \\$atext$2rdacontent
=337  \\$aunmediated$2rdamedia
=338  \\$avolume$2rdacarrier
=504  \\$aIncludes bibliographical references.
=505  0\$aIntroduction -- Capital punishment in the Post-Gregg era -- Determining the deterrent effect of capital punishment: key issues -- Panel studies -- Time-series studies -- Challenges to identifying deterrent effects.
=530  \\$aAlso available in Open Book format via the National Academies Press home page.
=650  \0$aCapital punishment$zUnited States.
=650  \0$aPunishment in crime deterrence$zUnited States.
=700  1\$aNagin, Daniel.
=700  1\$aPepper, John,$d1964-
=710  2\$aNational Research Council (U.S.).$bCommittee on Deterrence and the Death Penalty.
=710  2\$aNational Research Council (U.S.).$bCommittee on Law and Justice.
=710  2\$aNational Research Council (U.S.).$bDivision of Behavioral and Social Sciences and Education.
=852  41$aBritish Library$bDSC$jm12/.13322
=856  41$uhttp://www.nap.edu/catalog.php?record_id=13363
=985  \\$aCorrected by MS generated file for WR# 13.051
=CAT  \\$aBATCH-APP$b00$c20120622$lBLL01$h2105
=CAT  \\$a5703$b40$c20120709$lBLL01$h1106
=CAT  \\$aBLSS-CORR$b00$c20130327$lBLL01$h1529
=FIN  \\$aY$d20120709
=FMT  \\$a  BK
=LAS  \\$aBLSS-CORR$b00$c20130327$lBLL01$h1529
=SRC  \\$aBlackwells
=SRC  \\$aBLL02

