=LDR  04257 am a22004577a 4500
=001  016129215
=003  Uk
=005  20120730074230.0
=008  120405s2012\\\\dcua\\\\\bd\\\000\0\eng\d
=020  \\$a0309255716
=020  \\$a9780309255714
=035  \\$a(OCoLC)784035091$z(OCoLC)785864267
=040  \\$aYDXCP$cYDXCP$dBTCTA$dNRZ$dOCLCO$dAAA$dBWX$dUk
=042  \\$aukblderived
=082  04$a614.5999$223$qUK-WkNB
=110  2\$aNational Research Council (U.S.). Committee on the Analysis of Cancer Risks in Populations near Nuclear Facilities--Phase I.
=245  10$aAnalysis of cancer risks in populations near nuclear facilities :$bphase I /$cCommittee on the Analysis of Cancer Risks in Populations near Nuclear Facilities--Phase I, Nuclear and Radiation Studies Board, Division of Earth and Life Studies, National Research Council of the National Academies.
=260  \\$aWashington, D.C. :$bNational Academies Press,$cc2012.
=300  \\$axii, 412 p. :$bill. (some col.) ;$c23 cm.
=336  \\$atext$2rdacontent
=337  \\$aunmediated$2rdamedia
=338  \\$avolume$2rdacarrier
=504  \\$aIncludes bibliographic references.
=505  0\$aIntroduction -- Effluent releases from nuclear power plants and fuel-cycle facilities -- Radiation dose assessment -- Epidemiologic studies -- Risk communication and public engagement -- Radiation as a carcinogen -- Biographical sketches of committee and staff -- Presentations and visits -- Origin of radioactivity in nuclear plants -- Origin of radioactivity in fuel-cycle facilities -- Regulation of effluent releases -- Radiological effluent technical specifications -- Radiological environmental monitoring program -- Radiation dose assessment -- Modeling incidence and mortality data in an ecologic study -- Letter template to state cancer registries -- Letter template to state vital statistics offices -- Letter template to departments of public health -- Glossary -- Acronyms.
=520  \\$a"In the late 1980s, the National Cancer Institute initiated an investigation of cancer risks in populations near 52 commercial nuclear power plants and 10 Department of Energy nuclear facilities (including research and nuclear weapons production facilities and one reprocessing plant) in the United States. The results of the NCI investigation were used a primary resource for communicating with the public about the cancer risks near the nuclear facilities. However, this study is now over 20 years old. The U.S. Nuclear Regulatory Commission requested that the National Academy of Sciences provide an updated assessment of cancer risks in populations near USNRC-licensed nuclear facilities that utilize or process uranium for the production of electricity. Analysis of Cancer Risks in Populations near Nuclear Facilities: Phase 1 focuses on identifying scientifically sound approaches for carrying out an assessment of cancer risks associated with living near a nuclear facility, judgments about the strengths and weaknesses of various statistical power, ability to assess potential confounding factors, possible biases, and required effort. The results from this Phase 1 study will be used to inform the design of cancer risk assessment, which will be carried out in Phase 2. This report is beneficial for the general public, communities near nuclear facilities, stakeholders, healthcare providers, policy makers, state and local officials, community leaders, and the media"--Publisher's description.
=530  \\$aAlso available online.
=650  \0$aEpidemiology.
=650  \0$aCancer$xRisk factors.
=650  \0$aNuclear facilities$xHealth aspects$zUnited States$vStatistics.
=710  2\$aNational Research Council (U.S.).$bNuclear and Radiation Studies Board.
=710  2\$aNational Research Council (U.S.).$bDivision on Earth and Life Studies.
=852  41$aBritish Library$bDSC$jm12/.16086
=856  41$uhttp://www.nap.edu/catalog.php?record_id=13388
=985  \\$aCorrected by MS generated file for WR# 13.051
=CAT  \\$aBATCH-APP$b00$c20120720$lBLL01$h2105
=CAT  \\$a10904$b40$c20120730$lBLL01$h0742
=CAT  \\$aBLSS-CORR$b00$c20130327$lBLL01$h1530
=FIN  \\$aY$d20120730
=FMT  \\$a  BK
=LAS  \\$aBLSS-CORR$b00$c20130327$lBLL01$h1530
=SID  \\$aZ39$bOCLC

