=LDR  03259 am a22005297a 4500
=001  016129240
=003  Uk
=005  20120807135845.0
=008  120523s2012\\\\dcua\\\\\b\\\\000\0\eng\d
=020  \\$a9780309252720 (pbk.)
=020  \\$a0309252725 (pbk.)
=035  \\$a(OCoLC)794360831
=040  \\$aBTCTA$beng$cBTCTA$dNRZ$dOCLCO$dYDXCP$dAAA$dBWX$dUk
=082  04$a614.4$223$qUK-WkNB
=111  2\$aCountry-level Decision Making for Control of Chronic Diseases Workshop$d(2011 :$cWashington, D.C.)
=245  10$aCountry-level Decision Making for Control of Chronic Diseases :$bworkshop summary /$cAlexandra Beatty, rapporteur ; Board on Global Health ; Institute of Medicine of the National Academies.
=260  \\$aWashington, D.C. :$bNational Academies Press,$cc2012.
=300  \\$axiv, 108 p. :$bill. (some col.) ;$c23 cm.
=336  \\$atext$2rdacontent
=337  \\$aunmediated$2rdamedia
=338  \\$avolume$2rdacarrier
=500  \\$a"The resulting workshop on decision making and planning for control of chronic diseases at the country level was held in July 2011." -- p.2.
=504  \\$aIncludes bibliographical references (p.83-86).
=505  0\$aIntroduction -- Progress, Needs, and Lessons Learned: Perspectives from Six Countries -- Data Availability and Gaps in Four Countries -- Examples of Tools for Costing, Economic Modeling, and Priority Setting -- Approaches to Supporting Country-Led Action -- Summary of Considerations for Developing a Toolkit for Country-Led Decision Making References -- Appendix A: Workshop Agenda -- Appendix B: Biographies.
=520  \\$a"A 2010 IOM report, Promoting Cardiovascular Health in the Developing World, found that not only is it possible to reduce the burden of cardiovascular disease and related chronic diseases in developing countries, but also that such a reduction will be critical to achieving global health and development goals. As part a series of follow-up activities to the 2010 report, the IOM held a workshop that aimed to identify what is needed to create tools for country-led planning of effective, efficient, and equitable provision of chronic disease control programs."-- Publisher's description.
=530  \\$aAlso available online.
=650  \0$aCardiovascular system$xDiseases$xPrevention.
=650  \0$aChronic diseases$xDeveloping countries$xPrevention.
=650  \0$aChronic diseases$xEnvironmental aspects.
=650  \0$aHealth planning$xEconomic aspects.
=700  1\$aBeatty, Alexandra S.
=710  2\$aInstitute of Medicine (U.S.).$bBoard on Global Health.
=852  41$aBritish Library$bDSC$jm12/.14052
=856  41$uhttp://www.nap.edu/catalog.php?record_id=13337
=985  \\$aCorrected by MS generated file for WR# 13.051
=CAT  \\$aBATCH-APP$b00$c20120720$lBLL01$h2105
=CAT  \\$a11002$b40$c20120727$lBLL01$h1357
=CAT  \\$a11014$b40$c20120807$lBLL01$h1358
=CAT  \\$aBLSS-CORR$b00$c20130327$lBLL01$h1530
=CAT  \\$aBATCH-UPD$b00$c20131102$lBLL01$h1712
=CAT  \\$aBATCH-UPD$b00$c20131118$lBLL01$h2052
=CAT  \\$aBATCH-UPD$b00$c20131121$lBLL01$h2216
=CAT  \\$aBATCH-UPD$b00$c20170210$lBLL01$h2104
=FIN  \\$aY$d20120807
=FMT  \\$a  BK
=LAS  \\$aBATCH-UPD$b00$c20170210$lBLL01$h2104
=SID  \\$aZ39$bOCLC

