=LDR  02514 am a22005057a 4500
=001  016133838
=003  Uk
=005  20120808114020.0
=008  120405s2012\\\\dcua\\\\\b\\\\000\0\eng\d
=020  \\$a0309255600
=020  \\$a9780309255608
=035  \\$a(OCoLC)784035099$z(OCoLC)785864281
=040  \\$aYDXCP$cYDXCP$dBTCTA$dAAA$dNTD$dBWX$dCDX$dUk
=042  \\$aukblderived
=082  04$a304.60973$223$qUK-WkNB
=110  2\$aNational Research Council (U.S.).$bPanel on Statistical Methods for Measuring the Group Quarters Population in the American Community Survey.
=245  10$aSmall populations, large effects :$bimproving the measurement of the group quarters population in the American community survey /$cPanel on Statistical Methods for Measuring the Group Quarters Population in the American Community Survey, Paul R. Voss and Krisztina Marton, Editors, Committee on National Statistics, Division of Behavioral and Social Sciences and Education, National Research Council of the National Academies.
=260  \\$aWashington, D.C. :$bNational Academies Press,$cc2012.
=300  \\$axii, 162 p. :$bill. ;$c23 cm.
=336  \\$atext$2rdacontent
=337  \\$aunmediated$2rdamedia
=338  \\$avolume$2rdacarrier
=504  \\$aIncludes bibliographical references.
=505  0\$aIntroduction -- The group quarters population and the American community survey -- American community survey data products, data uses, and data needs -- Sampling frame development and maintenance -- Sample allocation and selection -- Weighting and estimation.
=530  \\$aAvailable in electronic form.
=630  00$aAmerican community survey$xEvaluation.
=650  \0$aHousing surveys$zUnited States.
=650  \0$aDemographic surveys$zUnited States.
=650  \0$aSocial surveys$zUnited States.
=650  \0$aGovernment questionnaires$zUnited States.
=651  \0$aUnited States$xPopulation$vStatistics.
=651  \0$aUnited States$vCensus$xEvaluation.
=700  1\$aVoss, Paul R.
=700  1\$aMarton, Krisztina.
=852  41$aBritish Library$bDSC$jm12/.14139
=856  41$uhttp://www.nap.edu/catalog.php?record_id=13387
=985  \\$aCorrected by MS generated file for WR# 13.051
=CAT  \\$aBATCH-APP$b00$c20120727$lBLL01$h2102
=CAT  \\$a10904$b40$c20120808$lBLL01$h1139
=CAT  \\$a10904$b40$c20120808$lBLL01$h1140
=CAT  \\$aBLSS-CORR$b00$c20130327$lBLL01$h1530
=FIN  \\$aY$d20120808
=FMT  \\$a  BK
=LAS  \\$aBLSS-CORR$b00$c20130327$lBLL01$h1530
=SID  \\$aZ39$bOCLC

