=LDR  02935 am a2200589 a 4500
=001  016140825
=003  Uk
=005  20120815154050.0
=008  120523s2012\\\\dcua\\\\\b\\\\100\0\eng\d
=020  \\$a9780309253338
=020  \\$a0309253330
=035  \\$a(OCoLC)794360829
=040  \\$aBTCTA$beng$cBTCTA$dAAA$dYDXCP$dBWX$dCDX$dUk
=042  \\$aukblderived
=082  04$a362.196994$223$qUK-WkNB
=111  2\$aRole of Obesity in Cancer Survival and Recurrence (Workshop)$d(2011 :$cWashington, D.C.)
=245  14$aThe role of obesity in cancer survival and recurrence :$bworkshop summary /$cNational Cancer Policy Forum, Board on Health Care Services, Margie Patlak and Sharyl J. Nass, Rapporteurs, Institute of Medicine of the National Academies.
=260  \\$aWashington, D.C. :$bNational Academies Press,$cc2012.
=300  \\$axvi, 110 p. :$bill. (some col.) ;$c23 cm.
=336  \\$atext$2rdacontent
=337  \\$aunmediated$2rdamedia
=338  \\$avolume$2rdacarrier
=500  \\$a"... the National Cancer Policy Forum (NCPF) of the Institute of Medicine (IOM) held a 2-day workshop on "The Role of Obesity in Cancer Survival and Recurrence," in Washington, DC, on October 31 and November 1, 2011." -- p.2.
=504  \\$aIncludes bibliographical references (p.71-80).
=505  0\$aIntroduction -- Overview of the obesity-cancer link -- Molecular mechanisms -- Clinical evidence of the obesity link to cancer -- Clinical study design issues -- Potential treatments to counter effects of obesity -- Challenges in studying or inducing lifestyle changes in patients -- What to advise cancer patients -- Policy suggestions -- Wrapping up.
=530  \\$aAlso available in electronic form.
=650  \0$aCancer$xPrognosis$zUnited States$vCongresses.
=650  \0$aObesity$xComplications$zUnited States$vCongresses.
=650  \0$aObesity$xTreatment$vCongresses.
=650  \0$aTumors$xEtiology$vCongresses.
=650  \0$aMedical policy$zUnited States$vCongresses.
=650  \2$aNeoplasms$xdiagnosis$vCongresses.
=650  \2$aNeoplasms$xetiology$vCongresses.
=650  \2$aObesity$xcomplications$vCongresses.
=650  \2$aObesity$xtherapy$vCongresses.
=650  \2$aNutritional Physiological Phenomena$xphysiology$vCongresses.
=650  \2$aHealth Policy$zUnited States$vCongresses.
=700  1\$aPatlak, Margie.
=700  1\$aNass, Sharyl J.
=710  2\$aNational Cancer Policy Forum (U.S.)
=852  41$aBritish Library$bDSC$jOn order
=856  41$uhttp://www.nap.edu/catalog.php?record_id=13348
=985  \\$aCorrected by MS generated file for WR# 13.051
=CAT  \\$aBATCH-APP$b00$c20120803$lBLL01$h2117
=CAT  \\$a5512$b40$c20120815$lBLL01$h1350
=CAT  \\$a8962$b40$c20120815$lBLL01$h1540
=CAT  \\$aBLSS-CORR$b00$c20130327$lBLL01$h1530
=FIN  \\$aY$d20120815
=FMT  \\$a  BK
=LAS  \\$aBLSS-CORR$b00$c20130327$lBLL01$h1530
=SID  \\$aZ39$bOCLC
=SRC  \\$aBlackwells

