=LDR  02619 am a22004817a 4500
=001  016140833
=003  Uk
=005  20120822084643.0
=008  120523s2012\\\\dcua\\\\\\\\\\100\0\eng\d
=020  \\$a9780309254427
=020  \\$a0309254426
=035  \\$a(OCoLC)794360833
=040  \\$aBTCTA$beng$cBTCTA$dRCJ$dOCLCO$dAAA$dIXA$dYDXCP$dBWX$dCDX$dUk
=050  \4$aHV6626.52$b.C563 2012
=082  04$a362.760973$223$qUK-WkNB
=245  00$aChild maltreatment research, policy, and practice for the next decade :$bworkshop summary /$cSteve Olson and Clare Stroud, Rapporteurs, Board on Children, Youth, and Families, Institute of Medicine and National Research Countil of the National Academies.
=260  \\$aWashington, D.C. :$bNational Academies Press,$cc2012.
=300  \\$axiv, 203 p. :$bill. ;$c23 cm.
=336  \\$atext$2rdacontent
=337  \\$aunmediated$2rdamedia
=338  \\$avolume$2rdacarrier
=500  \\$a"... on January 30-31, 2012, the Board on Children, Youth, and Families at the Institute of Medicine (IOM) and the NRC held a workshop to review the accomplishments of the past two decades of research related to child maltreatment and the remaining gaps." -- p.2.
=505  00$gIntroduction and overview --$tReflections on the 1993 NRC report, Understanding child abuse and neglect --$tRecognizing and assessing child maltreatment --$tSocial trends and child maltreatment trends --$tCauses and consequences of child maltreatment --$tPreventing child maltreatment --$tDesign and delivery of services --$tSystems-level issues --$gClosing remarks and research opportunities.
=530  \\$aAlso available in electronic form.
=591  \\$aSummary.
=650  \0$aChild abuse$zUnited States$xPrevention$vCongresses.
=650  \0$aChild abuse$xTreatment$zUnited States$vCongresses.
=700  1\$aOlson, Steve,$d1956-
=700  1\$aStroud, Clare.
=710  2\$aNational Research Council (U.S.).$bBoard on Children, Youth, and Families.
=852  41$aBritish Library$bDSC$jm12/.14511
=856  41$uhttp://www.nap.edu/catalog.php?record_id=13368
=985  \\$aCorrected by MS generated file for WR# 13.051
=CAT  \\$aBATCH-APP$b00$c20120803$lBLL01$h2117
=CAT  \\$a11002$b40$c20120814$lBLL01$h1419
=CAT  \\$a11002$b40$c20120814$lBLL01$h1420
=CAT  \\$a8962$b40$c20120822$lBLL01$h0846
=CAT  \\$aBLSS-CORR$b00$c20130327$lBLL01$h1530
=CNF  \\$aChild Maltreatment Research, Policy, and Practice for the Next Decade Workshop$d(2011 :$cWashington, D.C.)
=FIN  \\$aY$d20120822
=FMT  \\$a  BK
=LAS  \\$aBLSS-CORR$b00$c20130327$lBLL01$h1530
=SID  \\$aZ39$bOCLC

