=LDR  03354 am a22004457a 4500
=001  016140840
=003  Uk
=005  20120814163629.0
=008  120405s2012\\\\dcua\\\\\b\\\\001\0\eng\d
=020  \\$a0309255201
=020  \\$a9780309255202
=035  \\$a(OCoLC)784035089$z(OCoLC)785864266
=040  \\$aYDXCP$cYDXCP$dBTCTA$dPTR$dAAA$dNTD$dBWX$dNRZ$dOCLCO$dCDX$dCUV$dOCLCO$dUk
=042  \\$aukblderived
=043  \\$an-us---
=050  \4$aRA427$b.P745 2012
=082  04$a362.10973$223$qUK-WkNB
=110  2\$aInstitute of Medicine (U.S.).$bCommittee on Integrating Primary Care and Public Health.
=245  10$aPrimary care and public health :$bexploring integration to improve population health /$cCommittee on Integrating Primary Care and Public Health, Board on Population Health and Public Health Practice, Institute of Medicine of the National Academies.
=260  \\$aWashington, D.C. :$bNational Academies Press,$cc2012.
=300  \\$axx, 192 p. :$bill. (some col.) ;$c23 cm.
=336  \\$atext$2rdacontent
=337  \\$aunmediated$2rdamedia
=338  \\$avolume$2rdacarrier
=504  \\$aIncludes bibliographical references and index.
=505  0\$aIntroduction -- Integration: a view from the ground -- Potential for interagency collaboration -- Policy and funding levers -- Conclusions and recommendations.
=520  \\$a"Ensuring that members of society are healthy and reaching their full potential requires the prevention of disease and injury; the promotion of health and well-being; the assurance of conditions in which people can be healthy; and the provision of timely, effective, and coordinated health care. Achieving substantial and lasting improvements in population health will require a concerted effort from all these entities, aligned with a common goal. The Health Resources and Services Administration (HRSA) and the Centers for Disease Control and Prevention (CDC) requested that the Institute of Medicine (IOM) examine the integration of primary care and public health. Primary Care and Public Health identifies the best examples of effective public health and primary care integration and the factors that promote and sustain these efforts, examines ways by which HRSA and CDC can use provisions of the Patient Protection and Affordable Care Act to promote the integration of primary care and public health, and discusses how HRSA-supported primary care systems and state and local public health departments can effectively integrate and coordinate to improve efforts directed at disease prevention. This report is essential for all health care centers and providers, state and local policy makers, educators, government agencies, and the public for learning how to integrate and improve population health."--Publisher's description.
=530  \\$aAlso available online.
=650  \0$aPublic health$zUnited States.
=650  \0$aPrimary care (Medicine)$zUnited States.
=852  41$aBritish Library$bDSC$jm12/.14209
=856  41$uhttp://www.nap.edu/catalog.php?record_id=13381
=985  \\$aCorrected by MS generated file for WR# 13.051
=CAT  \\$aBATCH-APP$b00$c20120803$lBLL01$h2117
=CAT  \\$a11002$b40$c20120814$lBLL01$h1636
=CAT  \\$aBLSS-CORR$b00$c20130327$lBLL01$h1530
=FIN  \\$aY$d20120814
=FMT  \\$a  BK
=LAS  \\$aBLSS-CORR$b00$c20130327$lBLL01$h1530
=SID  \\$aZ39$bOCLC

