=LDR  03445 am a22004577a 4500
=001  016197950
=003  Uk
=005  20121105082544.0
=008  120523s2012\\\\dcua\\\\\b\\\\000\0\eng\d
=020  \\$a9780309224086
=020  \\$a030922408X
=035  \\$a(OCoLC)794360830
=040  \\$aBTCTA$beng$cBTCTA$dDID$dNRZ$dAAA$dIXA$dYDXCP$dAGL$dCDX$dBWX$dUk
=042  \\$aukblderived
=070  0\$aTX531$b.E67 2012
=082  04$a570.28$223$qUK-WkNB
=245  00$aEnsuring safe foods and medical products through stronger regulatory systems abroad /$cJim E. Riviere and Gillian J. Buckley, editors ; Committee on Strengthening Core Elements of Food and Drug Regulatory Systems in Developing Countries, Board on Global Health and the Board on Health Science Policy, Institute of Medicine of the National Academies.
=260  \\$aWashington, DC :$bNational Academies Press,$c2012.
=300  \\$axvii, 348 p. :$bcol. ill. ;$c23 cm.
=336  \\$atext$2rdacontent
=337  \\$aunmediated$2rdamedia
=338  \\$avolume$2rdacarrier
=504  \\$aIncludes bibliographical references.
=505  0\$aSummary -- 1. Introduction -- 2. Core elements of regulatory systems -- 3. Critical issues -- 4. A strategy to building food and medical product regulatory systems -- 5. International action -- 6. Domestic action -- 7. Conclusions and priorities -- Appendixes.
=520  \\$aA very high proportion of the seafood we eat comes from abroad, mainly from China and southeast Asia. Most of the active ingredients in medicines we take originate in other countries. A substantial share of the produce we consume is grown in Latin America. Many low- and middle-income countries have lower labor costs and fewer and less-stringent environmental regulations than the United States, making them attractive places to produce food and chemical ingredients for export. The diversity and scale of imports makes it impractical for U.S. Food and Drug Administration (FDA) border inspections to be sufficient to ensure product purity and safety, and incidents such as American deaths due to adulterated heparin imported from China propelled the problem to public awareness. The integrated global economy demands cooperation across borders, to thwart terrorists, reduce environmental hazards, and ensure that our food and medical products are safe and effective. This requires coordination across both industrialized trading partners and emerging economies that have not had the benefit of decades of legal and technical development to ensure the safety of food and medical products.
=650  \0$aFood industry and trade$xSafety regulations$xInternational cooperation.
=650  \0$aPharmaceutical industry$xSafety regulations$xInternational cooperation.
=700  1\$aRiviere, J. Edmond$q(Jim Edmond).
=700  1\$aBuckley, Gillian J.
=710  2\$aInstitute of Medicine (U.S.).$bCommittee on Strengthening Core Elements of Regulatory Systems in Developing Countries.
=852  41$aBritish Library$bDSC$jm12/.17022
=856  41$uhttp://www.nap.edu/catalog.php?record_id=13296
=985  \\$aCorrected by MS generated file for WR# 13.051
=CAT  \\$aBATCH-APP$b00$c20121026$lBLL01$h2106
=CAT  \\$a10904$b40$c20121105$lBLL01$h0825
=CAT  \\$aBLSS-CORR$b00$c20130327$lBLL01$h1530
=CAT  \\$aBATCH-UPD$b00$c20171018$lBLL01$h1706
=FIN  \\$aY$d20121105
=FMT  \\$a  BK
=LAS  \\$aBATCH-UPD$b00$c20171018$lBLL01$h1706
=SID  \\$aZ39$bOCLC

