=LDR  03584 am a2200493 a 4500
=001  016221029
=003  Uk
=005  20121210110713.0
=008  120322s2012\\\\dcua\\\\\b\\\\000\0\eng\d
=010  \\$a  2012936028
=020  \\$a9780309257497
=020  \\$a0309257492
=020  \\$a0309224594
=020  \\$a9780309224598
=035  \\$a(OCoLC)ocn795762240
=040  \\$aBTCTA$beng$cBTCTA$dNRZ$dAAA$dOCLCO$dYDXCP$dNTD$dIXA$dCDX$dDLC$dUk
=042  \\$aukblderived
=050  00$aTD429$b.N387 2012
=082  04$a628.162$222
=110  2\$aNational Research Council (U.S.).$bCommittee on the Assessment of Water Reuse as an Approach for Meeting Future Water Supply Needs.
=245  10$aWater reuse :$bpotential for expanding the nation's water supply through reuse of municipal wastewater /$cCommittee on the Assessment of Water Reuse as an Approach for Meeting Future Water Supply Needs, Water Science and Technology Board, Division on Earth and Life Studies, National Research Council of the National Academies.
=260  \\$aWashington, D.C. :$bNational Academies Press,$cc2012.
=300  \\$axiii, 262 p. :$bill. ;$c29 cm.
=336  \\$atext$2rdacontent
=337  \\$aunmediated$2rdamedia
=338  \\$avolume$2rdacarrier
=504  \\$aIncludes bibliographic references (p.203-226).
=505  0\$aA New Era of Water Management -- Current State of Water Reuse -- Water Quality -- Wastewater Reclamation Technology -- Ensuring Water Quality in Water Reclamation -- Understanding the Risks -- Evaluating the Risks of Potable Reuse in Context -- Ecological Enhancement via Water Reuse -- Costs -- Social, Legal, and Regulatory Issues and Opportunities -- Research Needs -- References -- Acronyms -- Appendix A: Details in Support of the Risk Exemplar in Chapter 6 -- Appendix B: Computation of Average Daily Dose -- Appendix C: Survey of Water Reclamation Costs -- Appendix D: Water Science and Technology Board -- Appendix E: Biographical Sketches of Committee Members.
=520  \\$a"Expanding water reuse--the use of treated wastewater for beneficial purposes including irrigation, industrial uses, and drinking water augmentation--could significantly increase the nation's total available water resources. Water Reuse presents a portfolio of treatment options available to mitigate water quality issues in reclaimed water along with new analysis suggesting that the risk of exposure to certain microbial and chemical contaminants from drinking reclaimed water does not appear to be any higher than the risk experienced in at least some current drinking water treatment systems, and may be orders of magnitude lower. This report recommends adjustments to the federal regulatory framework that could enhance public health protection for both planned and unplanned (or de facto) reuse and increase public confidence in water reuse."--$cSource other than Library of Congress.
=530  \\$aAlso available online.
=650  \0$aWater reuse$xStandards.
=650  \0$aWater-supply$xQuality control.
=650  \0$aMunicipal water supply.
=650  \0$aDrinking water.
=650  \0$aSewage$xPurification.
=710  2\$aNational Research Council (U.S.).$bCommittee on the Assessment of Water Reuse as an Approach for Meeting Future Water Supply Needs.
=852  41$aBritish Library$bDSC$jm12/.17550
=856  41$uhttp://www.nap.edu/catalog.php?record_id=13303
=CAT  \\$aBATCH-APP$b00$c20121128$lBLL01$h2110
=CAT  \\$a11131$b40$c20121210$lBLL01$h1107
=FIN  \\$aY$d20121210
=FMT  \\$a  BK
=LAS  \\$a11131$b40$c20121210$lBLL01$h1107
=SRC  \\$aBLL02

