=LDR  04563 am a2200493 a 4500
=001  016231931
=003  Uk
=005  20121227133637.0
=008  120731s2012\\\\dcua\\\\\b\\\\000\0\eng\d
=020  \\$a9780309257589
=020  \\$a0309257581
=035  \\$a(OCoLC)802459186
=040  \\$aAAA$cAAA$dOCLCO$dNRZ$dCDX$dYDXCP$dBWX$dUk
=042  \\$aukblderived
=082  04$a333.70285$223$qUK-WkNB
=245  00$aComputing research for sustainability /$cLynette I. Millett and Deborah L. Estrin, Editors, Committee on Computing Research for Environmental and Societal Sustainability, Computer Science and Telecommunications Board, Division on Engineering and Physical Sciences, National Research Council of the National Academies.
=260  \\$aWashington, D.C. :$bNational Academies Press,$cc2012.
=300  \\$axi, 155 p. :$bill. ;$c23 cm.
=336  \\$atext$2rdacontent
=337  \\$aunmediated$2rdamedia
=338  \\$avolume$2rdacarrier
=504  \\$aIncludes bibliographical references.
=505  0\$aSummary -- Roles and opportunities for information technology in meeting sustainability challenges -- Elements of a computer science research agenda for sustainability -- Programmatic and institutional opportunities to enhance computer science research for sustainability.
=505  0\$aAppendices: Summary of a workshop on innovation in computing and information technology for sustainability [May 26, 2010, Washington, D.C.] -- Biographies of committee members and staff.
=520  \\$a"A broad and growing literature describes the deep and multidisciplinary nature of the sustainability challenges faced by the United States and the world. Despite the profound technical challenges involved, sustainability is not, at its root, a technical problem, nor will merely technical solutions be sufficient. Instead, deep economic, political, and cultural adjustments will ultimately be required, along with a major, long-term commitment in each sphere to deploy the requisite technical solutions at scale. Nevertheless, technological advances and enablers have a clear role in supporting such change, and information technology (IT) is a natural bridge between technical and social solutions because it can offer improved communication and transparency for fostering the necessary economic, political, and cultural adjustments.Moreover, IT is at the heart of nearly every large-scale socioeconomic system-including systems for finance, manufacturing, and the generation and distribution of energy-and so sustainability-focused changes in those systems are inextricably linked with advances in IT. The focus of Computing Research for Sustainability is "greening through IT," the application of computing to promote sustainability broadly. The aim of this report is twofold: to shine a spotlight on areas where IT innovation and computer science (CS) research can help, and to urge the computing research community to bring its approaches and methodologies to bear on these pressing global challenges. Computing Research for Sustainability focuses on addressing medium- and long-term challenges in a way that would have significant, measurable impact.The findings and recommended principles of the Committee on Computing Research for Environmental and Societal Sustainability concern four areas: (1) the relevance of IT and CS to sustainability; (2) the value of the CS approach to problem solving, particularly as it pertains to sustainability challenges; (3) key CS research areas; and (4) strategy and pragmatic approaches for CS research on sustainability."--Publisher's description.
=530  \\$aAlso available online.
=650  \0$aSustainable development$xResearch.
=650  \0$aSustainable development$xData processing.
=650  \0$aSustainable development$xComputer simulation.
=650  \0$aEcosystem management$xData processing.
=650  \0$aEcosystem management$xComputer simulation.
=700  1\$aMillett, Lynette I.
=700  1\$aEstrin, Deborah$q(Deborah Lynn)
=710  2\$aNational Research Council (U.S.).$bCommittee on Computing Research for Environmental and Societal Sustainability.
=852  41$aBritish Library$bDSC$jm12/.17990
=856  41$uhttp://www.nap.edu/catalog.php?record_id=13415
=985  \\$aCorrected by MS generated file for WR# 13.051
=CAT  \\$aBATCH-APP$b00$c20121214$lBLL01$h2103
=CAT  \\$a5512$b40$c20121227$lBLL01$h1336
=CAT  \\$aBLSS-CORR$b00$c20130327$lBLL01$h1530
=FIN  \\$aY$d20121227
=FMT  \\$a  BK
=LAS  \\$aBLSS-CORR$b00$c20130327$lBLL01$h1530
=SID  \\$aZ39$bOCLC

