=LDR  02939 am a2200445 a 4500
=001  016231936
=003  Uk
=005  20121227150937.0
=008  121018s2012\\\\dcua\\\\\b\\\\000\0\eng\d
=020  \\$a9780309260831
=020  \\$a0309260833
=035  \\$a(OCoLC)813926053
=040  \\$aBTCTA$beng$cBTCTA$dNRZ$dOCLCO$dYDXCP$dAAA$dIXA$dNTD$dBWX$dUk
=042  \\$aukblderived
=082  04$a572.5$223$qUK-WkNB
=110  2\$aNational Research Council (U.S.).$bCommittee on Assessing the Importance and Impact of Glycomics and Glycosciences.
=245  10$aTransforming glycoscience :$ba roadmap for the future /$cCommittee on Assessing the Importance and Impact of Glycomics and Glycosciences, Board on Chemical Sciences and Technology, Board on Life Sciences, Division on Earth and Life Studies, National Research Council of the National Academies.
=260  \\$aWashington, D.C. :$bNational Academies Press,$cc2012.
=300  \\$axvi, 191 p. :$bill. (some col.) ;$c23 cm.
=336  \\$atext$2rdacontent
=337  \\$aunmediated$2rdamedia
=338  \\$avolume$2rdacarrier
=504  \\$aIncludes bibliographical references (p. 143-158).
=505  0\$aIntroduction -- The landscape of current research in glycoscience -- Glycoscience in health, energy, and materials -- Examples of outstanding questions in glycoscience -- The toolkit of glycoscience.
=520  \\$a"A new focus on glycoscience, a field that explores the structures and functions of sugars, promises great advances in areas as diverse as medicine, energy generation, and materials science, this report finds. Glycans--also known as carbohydrates, saccharides, or simply as sugars--play central roles in many biological processes and have properties useful in an array of applications. However, glycans have received little attention from the research community due to a lack of tools to probe their often complex structures and properties. Transforming Glycoscience: A Roadmap for the Future presents a roadmap for transforming glycoscience from a field dominated by specialists to a widely studied and integrated discipline, which could lead to a more complete understanding of glycans and help solve key challenges in diverse fields."Publisher's description.
=530  \\$aAlso available online.
=650  \0$aGlucosides$xResearch.
=650  \0$aGlycomics.
=710  2\$aNational Research Council (U.S.).$bBoard on Chemical Sciences and Technology.
=710  2\$aNational Research Council (U.S.).$bBoard on Life Sciences.
=852  41$aBritish Library$bDSC$jm13/.10213
=856  41$uhttp://www.nap.edu/catalog.php?record_id=13446
=985  \\$aCorrected by MS generated file for WR# 13.051
=CAT  \\$aBATCH-APP$b00$c20121214$lBLL01$h2103
=CAT  \\$a5512$b40$c20121227$lBLL01$h1509
=CAT  \\$aBLSS-CORR$b00$c20130327$lBLL01$h1530
=FIN  \\$aY$d20121227
=FMT  \\$a  BK
=LAS  \\$aBLSS-CORR$b00$c20130327$lBLL01$h1530
=SID  \\$aZ39$bOCLC

