=LDR  02366 am a22004697i 4500
=001  016231942
=003  Uk
=005  20121228092304.0
=008  121128t20122012dcua\\\\\b\\\\001\0\eng\d
=010  \\$a  2012472511
=020  \\$a9780309225496 (pbk.)
=020  \\$a0309225493 (pbk.)
=035  \\$a(OCoLC)ocn812189057
=040  \\$aNRC$cNRC$dYDXCP$dOCLCQ$dAAA$dOCLCQ$dCDX$dOCLCQ$dBWX$dOCLCQ$dBTCTA$dNRZ$dOCLCO$dNTD$dOCLCQ$dDLC$dUk$erda
=042  \\$aukblcatcopy
=050  00$aRJ560$b.S244 2012
=082  04$a615.1083$223
=245  00$aSafe and effective medicines for children :$bpediatric studies conducted under the Best Pharmaceuticals for Children Act and the Pediatric Research Equity Act /$cCommittee on Pediatric Studies Conducted under the Best Pharmaceuticals for Children Act (BPCA) and the Pediatric Research Equality Act (PREA), Institute of Medicine of the National Academies; Board on Health Scienbces Policy;Marilyn J. Field and Thomas F. Boat, editors.
=264  \1$aWashington, D.C. :$bThe National Academies Press,$c[2012]
=264  \4$a©2012
=300  \\$axxiii, 408 pages :$billustrations ;$c24 cm
=336  \\$atext$btxt$2rdacontent
=337  \\$aunmediated$bn$2rdamedia
=338  \\$avolume$bnc$2rdacarrier
=504  \\$aIncludes bibliographical references and index.
=505  0\$aIntroduction -- Children's growth and development and pediatric drug studies -- Policy framework for BPCA and PREA -- Ethical issues in pediatric drug studies -- Safety and efficacy assessment in studies conducted under BPCA and PREA -- BPCA, PREA, and drug studies with neonates -- Outcomes of written requests, requirements, studies, and labelling changes -- Pediatric studies of biologics.
=650  \0$aPediatric pharmacology.
=650  \2$aDrug Therapy.
=650  \2$aChild.
=700  1\$aField, Marilyn J.$q(Marilyn Jane),$eeditor.
=700  1\$aBoat, Thomas F.,$eeditor.
=710  2\$aInstitute of Medicine (U.S.)
=710  2\$aNational Research Council (U.S.)
=852  41$aBritish Library$bDSC$jm12/.18026
=856  41$uhttp://www.nap.edu/catalog.php?record_id=13311
=CAT  \\$aBATCH-APP$b00$c20121214$lBLL01$h2103
=CAT  \\$a5512$b40$c20121228$lBLL01$h0923
=CAT  \\$aBATCH-UPD$b40$c20151202$lBLL01$h0553
=FIN  \\$aY$d20121228
=FMT  \\$a  BK
=LAS  \\$aBATCH-UPD$b40$c20151202$lBLL01$h0553
=SRC  \\$aBLL02

