=LDR  03380 am a22004457a 4500
=001  016290389
=003  Uk
=005  20130314094522.0
=008  121109s2012\\\\dcu\\\\\\b\\\\000\0\eng\d
=020  \\$a9780309261616
=020  \\$a0309261619
=035  \\$a(OCoLC)817593138$z(OCoLC)816818774
=040  \\$aBTCTA$beng$cBTCTA$dNRZ$dOCLCO$dYDXCP$dNTD$dCDX$dUk
=042  \\$aukblderived
=110  2\$aNational Research Council (U.S.).$bCommittee on the Use of Social Science Knowledge in Public Policy.
=245  10$aUsing science as evidence in public policy /$cCommittee on the Use of Social Science Knowledge in Public Policy ; Kenneth Prewitt, Thomas A. Schwandt, and Miron L. Straf, editors ; Division of Behavioral and Social Sciences and Education, National Research Council of the National Academies.
=260  \\$aWashington, D.C. :$bNational Academies Press,$cc2012.
=300  \\$axii, 110 p. ;$c23 cm.
=336  \\$atext$2rdacontent
=337  \\$aunmediated$2rdamedia
=338  \\$avolume$2rdacarrier
=504  \\$aIncludes bibliographical references.
=505  0\$aIntroduction -- Why this report now -- The use of research knowledge: current scholarship -- Research on the use of science in policy: a framework -- The next generation of researchers and practitioners.
=520  \\$a"Using Science as Evidence in Public Policy encourages scientists to think differently about the use of scientific evidence in policy making. This report investigates why scientific evidence is important to policy making and argues that an extensive body of research on knowledge utilization has not led to any widely accepted explanation of what it means to use science in public policy. Using Science as Evidence in Public Policy identifies the gaps in our understanding and develops a framework for a new field of research to fill those gaps. For social scientists in a number of specialized fields, whether established scholars or Ph.D. students, Using Science as Evidence in Public Policy shows how to bring their expertise to bear on the study of using science to inform public policy. More generally, this report will be of special interest to scientists who want to see their research used in policy making, offering guidance on what is required beyond producing quality research, beyond translating results into more understandable terms, and beyond brokering the results through intermediaries, such as think tanks, lobbyists, and advocacy groups. For administrators and faculty in public policy programs and schools, Using Science as Evidence in Public Policy identifies critical elements of instruction that will better equip graduates to promote the use of science in policy making."--Publisher's description.
=530  \\$aAlso available online.
=650  \0$aScience$xSocial aspects$zUnited States.
=650  \0$aPolitical planning$zUnited States.
=650  \0$aPolicy sciences$zUnited States.
=700  1\$aPrewitt, Kenneth.
=700  1\$aSchwandt, Thomas A.
=700  1\$aStraf, Miron L.
=852  41$aBritish Library$bDSC$jm13/.12303
=856  41$uhttp://www.nap.edu/catalog.php?record_id=13460
=CAT  \\$aBATCH-APP$b00$c20130301$lBLL01$h2117
=CAT  \\$a10904$b40$c20130313$lBLL01$h0843
=CAT  \\$a5512$b40$c20130314$lBLL01$h0945
=FIN  \\$aY$d20130313
=FMT  \\$a  BK
=LAS  \\$a5512$b40$c20130314$lBLL01$h0945
=SID  \\$aZ39$bOCLC

