=LDR  02147 am a2200397 a 4500
=001  016297247
=003  Uk
=005  20130321121437.0
=008  121004s2012\\\\dcuab\\\\b\\\\000\0\eng\d
=020  \\$a9780309257909
=020  \\$a0309257905
=035  \\$a(OCoLC)811847518$z(OCoLC)813926056
=040  \\$aAAA$cAAA$dNDD$dIXA$dNRZ$dCDX$dYDXCP$dBTCTA$dBWX$dUk
=042  \\$aukblderived
=043  \\$an-us---
=245  00$aRemediation of buried chemical warfare materiel /$cCommittee on Review of the Conduct of Operations for Remediation of Recovered Chemical Warfare Materiel from Burial Sites; Board on Army Science and Technology; Division on Engineering and Physical Sciences; National Research Council of the National Academies.
=260  \\$aWashington, D.C. :$bNational Academies Press,$cc2012.
=300  \\$axviii, 121 p. :$bill. (some col.), col. maps ;$c28 cm.
=336  \\$atext$2rdacontent
=337  \\$aunmediated$2rdamedia
=338  \\$avolume$2rdacarrier
=504  \\$aIncludes bibliographical references (p. 98-100).
=505  0\$aIntroduction -- Current policy, funding, organization, and management practices -- Treaty and regulatory framework and public invovlement considerations - Technologies for cleanup of CWM sites -- Redstone aresenal: a case study -- The path forward: recommendations for targeted research and development -- The path forward: recommendations for policy, funding, and organization.
=610  20$aRedstone Arsenal (Ala.)$xHistory.
=650  \0$aChemical weapons disposal$zUnited States.
=650  \0$aArsenals$xWaste disposal$zUnited States.
=650  \0$aHazardous waste site remediation$zUnited States.
=710  2\$aNational Research Council (U.S.).$bCommittee on Review of the Conduct of Operations for Remediation of Recovered Chemical Warfare Materiel from Burial Sites.
=852  41$aBritish Library$bDSC$jm13/.12449
=856  41$uhttp://www.nap.edu/catalog.php?record_id=13419
=CAT  \\$aBATCH-APP$b00$c20130308$lBLL01$h2104
=CAT  \\$a5512$b40$c20130321$lBLL01$h1214
=FIN  \\$aY$d20130321
=FMT  \\$a  BK
=LAS  \\$a5512$b40$c20130321$lBLL01$h1214
=SID  \\$aZ39$bOCLC

