=LDR  03790 am a22004455  4500
=001  016309927
=003  Uk
=005  20130408104014.0
=008  120830s2012\\\\dcuab\\\\b\\\\000\0\eng\d
=020  \\$a9780309261852
=020  \\$a0309261856
=035  \\$a(OCoLC)809027633
=040  \\$aBTCTA$beng$cBTCTA$dYDXCP$dUPM$dNTD$dBWX$dCDX$dNRZ$dUk
=042  \\$aukblderived
=043  \\$an-us---
=050  \4$aTD223$b.N367 2012
=110  2\$aNational Research Council (U.S.).$bCommittee on Preparing for the Third Decade (Cycle 3) of the National Water Quality Assessment (NAWQA) Program.
=245  10$aPreparing for the third decade of the National Water-Quality Assessment Program /$cCommittee on Preparing for the Third Decade (Cycle 3) of the National Water-Quality Assessment (NAWQA) Program, Water Science and Technology Board, Division on Earth and Life Studies, National Research Council of the National Academies.
=260  \\$aWashington, D.C. :$bNational Academies Press,$cc2012.
=300  \\$axiv, 185 p. :$bcol. ill., col. maps ;$c23 cm.
=336  \\$atext$2rdacontent
=337  \\$aunmediated$2rdamedia
=338  \\$avolume$2rdacarrier
=504  \\$aIncludes bibliographical references.
=505  0\$aNAWQA: Cycle 1 and Cycle 2 -- Assessing Accomplishments of the NAWQA Program -- The Way Forward for the Third Decade of National Water-Quality Assessment -- Coordination, Cooperation, and Collaboration -- Appendix A: Letter Report Assessing the USGS National Water Quality Assessment Program's Science Framework -- Appendix B: Letter Report Assessing the USGS National Water Quality Assessment Program's Science Plan -- Appendix C: Communicating Data and Information to Users -- Appendix D: Contributors to the Report, *Preparing for the Third Decade of the National Water-Quality Assessment Program* -- Appendix E: Biographical Information: Committee on Preparing for the Third Decade (Cycle 3) of the National Water-Quality Assessment (NAWQA) Program.
=520  \\$a"The first two decades of the U.S. Geological Survey's National Water Quality Assessment (NAWQA) Program have provided a successful and useful assessment of U.S. water-quality conditions, how they have changed over time, and how natural features and human activities have affected those conditions. Now, planning is underway for the third decade (Cycle 3) of the Program outlined in the Science Plan, with challenges including ensuring that the NAWQA remain a national program in the face of declining resources, balancing new activities against long-term studies, and maintaining focus amidst numerous and competing stakeholder demands. The Science Plan for Cycle 3 articulates a forward-thinking vision for NAWQA science over the next decade, building on the previous cycles' data, experience, and products. Preparing for the Third Decade (Cycle 3) of the National Water-Quality Assessment (NAWQA) Program explains the national needs outlined in the plan, NAWQA's need to emphasize collaboration with other USGS and external programs, other federal agencies, state and local governments, and the private sector."--Publisher's description.
=530  \\$aAlso available via the World Wide Web.
=610  20$aNational Water-Quality Assessment Program (U.S.)
=650  \0$aWater quality$zUnited States$xMeasurement.
=650  \0$aWater quality management$zUnited States.
=650  \0$aWater quality$xResearch$zUnited States.
=852  41$aBritish Library$bDSC$jm13/.12877
=856  41$uhttp://www.nap.edu/catalog.php?record_id=13464
=CAT  \\$aBATCH-APP$b00$c20130329$lBLL01$h2118
=CAT  \\$aBATCH-UPD$b00$c20130329$lBLL01$h2119
=CAT  \\$a11002$b40$c20130408$lBLL01$h1040
=FIN  \\$aY$d20130408
=FMT  \\$a  BK
=LAS  \\$a11002$b40$c20130408$lBLL01$h1040
=SID  \\$aZ39$bOCLC

