=LDR  04026 am a22004577i 4500
=001  016383093
=003  Uk
=005  20130524085924.0
=008  121123t20132013dcua\\\\\b\\\\000\0\eng\d
=010  \\$a  2012954592
=020  \\$a9780309263771 (pbk.)
=020  \\$a0309263778 (pbk.)
=035  \\$a(OCoLC)ocn813926036
=040  \\$aBTCTA$beng$cBTCTA$dAAA$dNRZ$dYDXCP$dBWX$dDLC$dUk$erda
=042  \\$aukblderived
=050  00$aTA1520$b.O669 2013
=245  00$aOptics and photonics :$bessential technologies for our nation /$cCommittee on Harnessing Light: Capitalizing on Optical Science Trends and Challenges for Future Research, National Material and Manufacturing Board, Division on Engineering and Physical Sciences, National Research Council of the National Academies.
=264  \1$aWashington, D.C. :$bNational Academies Press,$c[2013]
=264  \4$c©2013
=300  \\$axvii, 341 pages :$billustrations (some color) ;$c26 cm
=336  \\$atext$2rdacontent
=337  \\$aunmediated$2rdamedia
=338  \\$avolume$2rdacarrier
=504  \\$aIncludes bibliographical references.
=505  0\$aIntroduction -- Impact of photonics on the national economy -- Communications, information processing, and data storage -- Defense and national security -- Energy -- Health and medicine -- Advanced manufacturing -- Advanced photonic measurements and applications -- Strategic materials for optics -- Displays.
=520  \\$aOptics and photonics technologies are ubiquitous: they are responsible for the displays on smart phones and computing devices, optical fiber that carries the information in the internet, advanced precision manufacturing, enhanced defense capabilities, and a plethora of medical diagnostics tools. The opportunities arising from optics and photonics offer the potential for even greater societal impact in the next few decades, including solar power generation and new efficient lighting that could transform the nation's energy landscape and new optical capabilities that will be essential to support the continued exponential growth of the Internet. As described in the National Research Council report Optics and Photonics: Essential Technologies for our Nation, it is critical for the United States to take advantage of these emerging optical technologies for creating new industries and generating job growth. The report assesses the current state of optical science and engineering in the United States and abroad--including market trends, workforce needs, and the impact of photonics on the national economy. It identifies the technological opportunities that have arisen from recent advances in, and applications of, optical science and engineering. The report also calls for improved management of U.S. public and private research and development resources, emphasizing the need for public policy that encourages adoption of a portfolio approach to investing in the wide and diverse opportunities now available within photonics. Optics and Photonics: Essential Technologies for our Nation is a useful overview not only for policymakers, such as decision-makers at relevant Federal agencies on the current state of optics and photonics research and applications but also for individuals seeking a broad understanding of the fields of optics and photonics in many arenas.--$cPublisher's description.
=650  \0$aOptics$xResearch$zUnited States.
=650  \0$aOptics$zUnited States$xTechnology.
=650  \0$aPhotonics$xResearch$zUnited States.
=650  \0$aPhotonics$xTechnology.
=710  2\$aNational Research Council (U.S.).$bCommittee on Harnessing Light.
=852  41$aBritish Library$bDSC$jm13/.14565
=856  41$uhttp://www.nap.edu/catalog.php?record_id=13491
=CAT  \\$aBATCH-APP$b00$c20130510$lBLL01$h2123
=CAT  \\$a11002$b40$c20130516$lBLL01$h1433
=CAT  \\$a5100$b40$c20130524$lBLL01$h0859
=CAT  \\$aBATCH-UPD$b40$c20151202$lBLL01$h0630
=FIN  \\$aY$d20130516
=FMT  \\$a  BK
=LAS  \\$aBATCH-UPD$b40$c20151202$lBLL01$h0630
=SRC  \\$aBLL02

