=LDR  01867 am a22003975  4500
=001  016425440
=003  Uk
=005  20130619080311.0
=008  121224s2013\\\\dcua\\\\\b\\\\000\0\eng\d
=020  \\$a0309267366
=020  \\$a9780309267366
=035  \\$a(OCoLC)822894395$z(OCoLC)823043993
=040  \\$aYDXCP$beng$cYDXCP$dOCLCQ$dBTCTA$dAZS$dNTD$dUk$erda
=042  \\$aukblderived
=245  00$aPotential health risks to DOD firing-range personnel from recurrent lead exposure /$cCommittee on Potential Health Risks from Recurrent Lead Exposure of DOD Firing Range Personnel, Committee on Toxicology, Board on Environmental Studies and Toxicology, Division on Earth and Life Studies, National Research Council of the National Academies.
=264  \1$aWashington, D.C. :$bNational Academies Press,$c[2013]
=300  \\$axix, 178 pages :$bcolor illustrations ;$c23 cm
=336  \\$atext$2rdacontent
=337  \\$aunmediated$2rdamedia
=338  \\$avolume$2rdacarrier
=504  \\$aIncludes bibliographical references.
=530  \\$aAlso issued online.
=610  10$aUnited States.$bDepartment of Defense$xOfficials and employees$xHealth risk assessment.
=650  \0$aLead$xToxicology.
=710  2\$aNational Research Council (U.S.).$bCommittee on Potential Health Risks from Recurrent Lead Exposure of DOD Firing Range Personnel,$eissuing body.
=710  2\$aNational Research Council (U.S.).$bCommittee on Toxicology,$eissuing body.
=852  41$aBritish Library$bDSC$jm13/.14999
=856  41$uhttp://www.nap.edu/catalog.php?record_id=18249
=CAT  \\$aBATCH-APP$b00$c20130605$lBLL01$h2121
=CAT  \\$a11002$b40$c20130613$lBLL01$h0916
=CAT  \\$a5100$b40$c20130619$lBLL01$h0803
=CAT  \\$aBATCH-UPD$b40$c20131005$lBLL01$h1744
=FIN  \\$aY$d20130613
=FMT  \\$a  BK
=LAS  \\$aBATCH-UPD$b40$c20131005$lBLL01$h1744
=SID  \\$aZ39$bOCLC

