=LDR  03205 am a2200409 i 4500
=001  016425445
=003  Uk
=005  20130618170055.0
=008  130418s2012\\\\dcua\\\\\b\\\\000\0\eng\c
=020  \\$a9780309264082
=020  \\$a0309264081
=035  \\$a(OCoLC)839909969
=040  \\$aUPM$beng$cUPM$dUPM$dIXA$dNRZ$dYDXCP$dUk$erda
=042  \\$aukblderived
=043  \\$an-us---
=050  \4$aHD4975$b.N395 2012
=110  2\$aNational Research Council (U.S.).$bPanel on Measuring and Collecting Pay Information from U.S. Employers by Gender, Race, and National Origin,$eauthor.
=245  10$aCollecting compensation data from employers /$cPanel on Measuring and Collecting Pay Information from U.S. Employers by Gender, Race, and National Origin, Committee on National Statistics, Division of Behavioral and Social Sciences and Education, National Research Council of the National Academies.
=264  \1$aWashington, D.C. :$bNational Academies Press,$c[2012]
=300  \\$axii, 140 pages :$billustrations ;$c23 cm
=336  \\$atext$2rdacontent
=337  \\$aunmediated$2rdamedia
=338  \\$avolume$2rdacarrier
=504  \\$aIncludes bibliographical references (pages 93-97).
=505  0\$aMachine generated contents note: 1.Background -- Legislation, Authorities, and Responsibilities -- EEOC Data Collection and Reports -- White House Task Force Report and Panel Charge -- Pay Rate Information -- Earnings Information -- 2.Alternative Sources of Wage Data -- Data from EEO-4 Reports -- Administrative Data -- Equal Opportunity Survey Pilot -- U.S. State and Canadian Provincial Surveys -- Survey-Based Wage Information -- Summary -- 3.Pay Concepts and Definitions -- Role of Compensation -- Earnings Data Available in Firms -- Feasible Definitions of Earnings -- Conclusion -- 4.Survey Design and Statistical Methodology -- Options for Data Collection -- Fitness for Use -- Minimization of Reporting Burden -- Human Resource and Payroll Systems -- 5.Confidentiality, Disclosure, and Data Access -- Statistical Protection of Tabular Data and Microdata -- Protecting Original Data -- Further Protection of Shared EEO Data -- 6.Conclusions and Recommendations -- Purpose of a New Data Collection -- Pilot Study -- Agency Capacity and Burden -- Measures for Collection of Pay Information -- Access to Pay Information in a Protected Environment -- References -- Appendixes -- A.EEO Report Forms -- B.Study of Employment Earnings for the Equal Employment -- Opportunity Program: A Possible Role for Administrative Data from Three Tax Systems / Nicholas Greenia -- C.Proposed Pilot Tests of Compensation Data Collection.
=650  \0$aWages$zUnited States$xStatistics.
=650  \0$aWages$zUnited States$xStatistical methods.
=710  2\$aNational Research Council (U.S.).$bCommittee on National Statistics,$eauthor.
=852  41$aBritish Library$bDSC$jm13/.14986
=856  41$uhttp://www.nap.edu/catalog.php?record_id=13496
=CAT  \\$aBATCH-APP$b00$c20130605$lBLL01$h2121
=CAT  \\$a5512$b40$c20130618$lBLL01$h1700
=CAT  \\$aBATCH-UPD$b40$c20180726$lBLL01$h2048
=FIN  \\$aY$d20130618
=FMT  \\$a  BK
=LAS  \\$aBATCH-UPD$b40$c20180726$lBLL01$h2048
=SID  \\$aZ39$bOCLC

