=LDR  01870 am a2200421 i 4500
=001  016586013
=003  Uk
=005  20131230153820.0
=008  130510s2013\\\\dcua\\\\\b\\\\000\0\eng\\
=010  \\$a  2013940085
=020  \\$a0309283035
=020  \\$a9780309283038
=040  \\$aBTCTA$beng$cBTCTA$dDAWSON$dYDXCP$dAZS$dNRC$dDLC$dUk$erda
=042  \\$aukblcatcopy
=050  04$aQC30$b.A33 2013
=082  04$a530.071$223
=245  00$aAdapting to a changing world :$bchallenges and opportunities in undergraduate physics education /$cCommittee on Undergraduate Physics Education, Research and Implementation, Board on Physics and Astronomy, Division on Engineering and Physical Sciences, National Research Council of the National Academies.
=264  \1$aWashington, D.C. :$bNational Academies Press,$c[2013]
=264  \4$c©2013
=300  \\$axiii, 127 pages :$billustrations (chiefly color) ;$c26 cm
=336  \\$atext$2rdacontent
=337  \\$aunmediated$2rdamedia
=338  \\$avolume$2rdacarrier
=504  \\$aIncludes bibliographical references (pages 122-126).
=530  \\$aAlso issued online.
=650  \0$aPhysics$xStudy and teaching (Higher)
=710  2\$aNational Research Council (U.S.).$bCommittee on Undergraduate Physics Education, Research and Implementation,$eissuing body.
=776  08$iOnline version:$tAdapting to a changing world.$w(DLC)  2013940085$w(OCoLC)854759226$dWashington, DC : National Academies Press, ©2013$z9780309283038
=852  41$aBritish Library$bDSC$jm13/.15794
=856  41$uhttp://www.nap.edu/catalog.php?record_id=18312
=CAT  \\$aBATCH-APP$b00$c20131217$lBLL01$h2128
=CAT  \\$a5512$b40$c20131230$lBLL01$h1538
=CAT  \\$aBATCH-UPD$b40$c20151202$lBLL01$h0737
=FIN  \\$aY$d20131230
=FMT  \\$a  BK
=LAS  \\$aBATCH-UPD$b40$c20151202$lBLL01$h0737
=SRC  \\$aBLL02
=SRC  \\$aDawson Books

