=LDR  01841 am a22004337i 4500
=001  016653935
=003  Uk
=005  20140320134141.0
=008  131220t20132013dcua\\\\\b\\\\000\0\eng\d
=020  \\$a0309287731
=020  \\$a9780309287739
=035  \\$a(OCoLC)866096685
=040  \\$aYDXCP$beng$cYDXCP$dAZS$dOCLCO$dGWL$dUk$erda
=042  \\$aukblderived
=043  \\$an-us---
=050  \4$aQC903$b.N368 2013
=110  2\$aNational Research Council (U.S.).$bCommittee on Understanding and Monitoring Abrupt Climate Change and its Impacts,$eissuing body.
=245  10$aAbrupt impacts of climate change :$banticipating surprises /$cCommittee on Understanding and Monitoring Abrupt Climate Change and its Impacts. Board on Atmospheric Sciences and Climate, Division on Earth and Life Studies, National Research Council of the National Academies.
=264  \1$aWashington, D.C. :$bNational Academies Press,$c[2013]
=264  \4$c©2013
=300  \\$axiii, 207 pages :$billustrations (some color) ;$c26 cm
=336  \\$atext$btxt$2rdacontent
=337  \\$aunmediated$bn$2rdamedia
=338  \\$avolume$bnc$2rdacarrier
=504  \\$aIncludes bibliographical references (pages 171-201).
=530  \\$aAlso issued online as a PDF document.
=650  \0$aClimatic changes$xSocial aspects.
=650  \0$aClimatic changes$xEnvironmental aspects.
=650  \0$aClimatic changes$xResearch$zUnited States.
=650  \0$aEarth sciences$xResearch$zUnited States.
=852  41$aBritish Library$bDSC$jm14/.10786
=856  41$uhttp://www.nap.edu/catalog.php?record_id=18373
=CAT  \\$aBATCH-APP$b00$c20140318$lBLL01$h1142
=CAT  \\$a10904$b40$c20140320$lBLL01$h1341
=CAT  \\$aBATCH-UPD$b40$c20151202$lBLL01$h0801
=FIN  \\$aY$d20140320
=FMT  \\$a  BK
=LAS  \\$aBATCH-UPD$b40$c20151202$lBLL01$h0801
=SID  \\$aZ39$bOCLC

