=LDR  02249cam a22004817a 4500
=001  013949419
=003  Uk
=005  20071123144611.0
=008  070605s2007\\\\dcua\\\\\b\\\\100\0\eng\d
=010  \\$a  2007276545
=020  \\$a9780309102766 (pbk.)
=020  \\$a0309102766 (pbk.)
=035  \\$a(OCoLC)ocn123902805
=040  \\$aUMM$beng$cUMM$dORU$dBAKER$dNATAP$dDLC$dUk
=043  \\$an-us---
=050  00$aRM301.9$b.A38 2007
=245  00$aAdverse drug event reporting :$bthe roles of consumers and health-care professionals : workshop summary /$cJeffrey M. Drazen ... [et al], rapporteurs ; Forum on Drug Discovery, Development, and Translation, Board on Health Sciences Policy ; Institute of Medicine of the National Academies.
=260  \\$aWashington, D.C. :$bNational Academies Press,$cc2007.
=300  \\$axii, 70 p. :$bill. ;$c23 cm.
=336  \\$atext$2rdacontent
=337  \\$aunmediated$2rdamedia
=338  \\$avolume$2rdacarrier
=500  \\$aSummary of a workshop which took place on November 3 and 4, 2005, in Washington, D.C.
=504  \\$aIncludes bibliographical references (p. 48-51).
=505  0\$aIntroduction -- Current adverse event reporting systems -- Active surveillance systems -- Consumer involvement in reporting adverse events -- Drug-drug interactions -- Drug labels.
=530  \\$aAlso issued online.
=591  \\$aReport.
=650  \0$aDrug monitoring$zUnited States$vCongresses.
=650  \0$aDrugs$xSide effects$zUnited States$vCongresses.
=653  1\$aDrug event reporting
=700  1\$aDrazen, Jeffrey M.,$d1946-
=710  2\$aInstitute of Medicine (U.S.).$bForum on Drug Discovery, Development, and Translation.
=710  2\$aInstitute of Medicine (U.S.).$bBoard on Health Sciences Policy.
=852  41$aBritish Library$bDSC$jm07/.36319
=856  41$uhttp://www.nap.edu/catalog/11897.html
=CAT  \\$a7203$b40$c20070918$lBLL01$h1214
=CAT  \\$a6933$b40$c20071123$lBLL01$h1446
=CAT  \\$aW2308-1659$c20230923$lBLL01$h1109
=CNF  \\$aThe roles of consumers and health-care professionals in adverse drug event reporting (Workshop)$d(2005 Nov :$cWashington, DC)
=FIN  \\$aY$d20071123
=FMT  \\$a  BK
=LAS  \\$aW2308-1659$b00$c20230923$lBLL01$h1109
=SRC  \\$aBLL02

