=LDR  01580cam a22003857a 4500
=001  014486907
=003  Uk
=005  20080206091103.0
=008  070726s2007\\\\dcua\\\\\b\\\\000\0\eng\d
=010  \\$a  2007297773
=020  \\$a9780309106764 (pbk.)
=020  \\$a0309106761 (pbk.)
=035  \\$a(OCoLC)ocn145554660
=040  \\$aYDXCP$cYDXCP$dBAKER$dBTCTA$dMIA$dEMU$dDLC$dUk
=050  00$aQH434$b.N37 2007
=110  2\$aNational Research Council (U.S.).$bCommittee on Metagenomics: Challenges and Functional Applications.
=245  14$aThe new science of metagenomics :$brevealing the secrets of our microbial planet /$cCommittee On Metagenomics: Challenges and Functional Applications, Board on Life Sciences, Division on Earth and Life Studies, National Research Council of the National Academies.
=260  \\$aWashington, DC :$bNational Academies Press,$cc2007.
=300  \\$axii, 158 p. :$bill. (some col.) ;$c23 cm.
=336  \\$atext$2rdacontent
=337  \\$aunmediated$2rdamedia
=338  \\$avolume$2rdacarrier
=504  \\$aIncludes bibliographical references (p. 144-149).
=650  \0$aMicrobial genomics.
=650  \0$aMicrobial genetics.
=710  2\$aNational Academies Press (U.S.)
=852  41$aBritish Library$bDSC$jm08/.13396
=856  41$uhttp://www.nap.edu/books/0309106761/html/index.html
=CAT  \\$a10934$b40$c20080108$lBLL01$h1434
=CAT  \\$a8440$b40$c20080206$lBLL01$h0911
=CAT  \\$aW2308-1659$c20230923$lBLL01$h1116
=FIN  \\$aY$d20080206
=FMT  \\$a  BK
=LAS  \\$aW2308-1659$b00$c20230923$lBLL01$h1116
=SRC  \\$aBLL02

