=LDR  01541 am a2200385 a 4500
=001  014658942
=003  Uk
=005  20080814214510.0
=008  040607s2004\\\\dcua\\\\\b\\\\000\0\eng\d
=010  \\$a2004300299  
=020  \\$a0309091403 (Book)
=020  \\$a0309529956 (PDF)
=035  \\$a(OCoLC)ocm54950373
=040  \\$aAFM$cAFM$dGZM$dDLC$dUk
=042  \\$aukblcatcopy
=050  00$aQE599.2$b.N37 2004
=082  00$a363.349$222
=110  2\$aNational Research Council (U.S.).$bCommittee on the Review of National Landslide Hazards Mitigation Strategy.
=245  10$aPartnerships for reducing landslide risk :$bassessment of the National Landslide Hazards Mitigation Strategy /$cCommittee on the Review of the National Landslide Hazards Mitigation Strategy, Board on Earth Sciences and Resources, Division on Earth and Life Studies, National Research Council of the National Academies.
=260  \\$aWashington, D.C. :$bNational Academies Press,$c2004.
=300  \\$axii, 131 p. :$bill. ;$c23 cm.
=336  \\$atext$2rdacontent
=337  \\$aunmediated$2rdamedia
=338  \\$avolume$2rdacarrier
=650  \0$aLandslide hazard analysis.
=852  41$aBritish Library$bDSC$jm08/.27356
=856  41$uhttp://www.nap.edu/books/0309091403/html
=BUF  \\$aN2$d20080811
=CAT  \\$a8157$b40$c20080703$lBLL01$h1055
=CAT  \\$a11131$b40$c20080811$lBLL01$h0932
=CAT  \\$aBATCH-BUOC$b00$c20080814$lBLL01$h2145
=FIN  \\$aY$d20080811
=FMT  \\$a  BK
=LAS  \\$aBATCH-BUOC$b00$c20080814$lBLL01$h2145
=SRC  \\$aBLL02

