=LDR  01983cam a22004814a 4500
=001  014878517
=003  Uk
=005  20130107091340.0
=008  070222s2006\\\\dcua\\\\\b\\\\000\0\eng\c
=010  \\$a  2007271837
=020  \\$z97803090102810
=020  \\$a0309102812
=035  \\$a(OCoLC)ocm76832440
=040  \\$aAZS$cAZS$dBAKER$dIXA$dNATAP$dYDXCP$dDLC$dUk
=042  \\$aukblcatcopy
=043  \\$afb-----
=050  00$aRA564.8$b.N385 2006
=110  2\$aNational Research Council (U.S.).$bPanel on Policy and Data Needs to Meet the Challenge of Aging in Africa.
=245  10$aAging in Sub-Saharan Africa :$bRecommendations for furthering research /$cPanel on Policy Research and Data Needs to Meet the Challenge of Aging in Africa, Committee on Population, Division of Behavioral and Social Sciences and Education, National Research Council of the National Academies; Barney Cohen and Jane Menken, editors.
=260  \\$aWashington, DC :$bNational Academies Press,$cc2006.
=300  \\$axii, 356 p. :$bill. ;$c23 cm.
=336  \\$atext$2rdacontent
=337  \\$aunmediated$2rdamedia
=338  \\$avolume$2rdacarrier
=504  \\$aIncludes bibliographical references.
=530  \\$aAlso issued online.
=650  \0$aOlder people$xHealth and hygiene$zAfrica, Sub-Saharan.
=650  \0$aOlder people$zAfrica, Sub-Saharan$xSocial conditions.
=650  \0$aAging$zAfrica, Sub-Saharan.
=650  \0$aHIV infections$zAfrica, Sub-Saharan.
=650  \0$aAIDS (Disease)$zAfrica, Sub-Saharan.
=700  1\$aCohen, Barney,$d1959-
=700  1\$aMenken, Jane,$d1939-
=852  41$aBritish Library$bDSC$jm09/.25529
=856  41$uhttp://www.nap.edu/catalog/11708.html
=CAT  \\$a7040$b40$c20090114$lBLL01$h1133
=CAT  \\$a8411$b40$c20090629$lBLL01$h1120
=CAT  \\$a11306$b40$c20130107$lBLL01$h0913
=CAT  \\$aW2308-1659$c20230923$lBLL01$h1134
=FIN  \\$aY$d20090629
=FMT  \\$a  BK
=LAS  \\$aW2308-1659$b00$c20230923$lBLL01$h1134
=SRC  \\$aBLL02

