=LDR  02061cam a22005054a 4500
=001  014758124
=003  Uk
=005  20081219163904.0
=008  071221s2008\\\\dcuab\\\\b\\\\000\0\eng\\
=010  \\$a  2007943741
=015  \\$aGBA900107$2bnb
=016  7\$a014758124$2Uk
=020  \\$a9780309114387 (pbk.) :$cNo price
=020  \\$a0309114381 (pbk.) :$cNo price
=020  \\$a9780309114349 (pdf) :$cNo price
=020  \\$a0309114349 (pdf) :$cNo price
=040  \\$aDLC$beng$cDLC$dDLC$dUk
=042  \\$aukblsr
=043  \\$an-us---
=050  00$aTD404.5$b.N37 2008
=082  04$a628.13$222
=110  2\$aNational Research Council (U.S.).$bCommittee on Sustainable Underground Storage of Recoverable Water.
=245  10$aProspects for managed underground storage of recoverable water /$cCommittee on Sustainable Underground Storage of Recoverable Water, Water Science and Technology Board, Division on Earth and Life Studies, National Research Council of the National Academies.
=260  \\$aWashington, D.C. :$bNational Academies Press,$cc2008.
=300  \\$axii, 337 p. :$bill., maps ;$c23 cm.
=336  \\$atext$2rdacontent
=337  \\$aunmediated$2rdamedia
=338  \\$avolume$2rdacarrier
=504  \\$aIncludes bibliographical references.
=530  \\$aAlso issued online.
=650  \0$aAquifer storage recovery$zUnited States.
=650  \0$aUnderground storage$zUnited States.
=650  \0$aGroundwater$zUnited States.
=710  2\$aNational Research Council (U.S.).$bWater Science and Technology Board.
=852  11$aBritish Library$bSTI$k(B)$h628.13
=856  41$uhttp://www.nap.edu/catalog.php?record_id=11991$zView online options
=856  41$3Table of contents$uhttp://www.loc.gov/catdir/toc/fy0804/2007943741.html
=CAT  \\$a10982$b40$c20080920$lBLL01$h1054
=CAT  \\$a5883$b40$c20081219$lBLL01$h1639
=CAT  \\$aWR16_021$c20160622$lBLL01$h1807
=CAT  \\$aW2308-1659$c20230923$lBLL01$h1129
=FIN  \\$aY$d20081219
=FMT  \\$a  BK
=LAS  \\$aW2308-1659$b00$c20230923$lBLL01$h1129
=SRC  \\$aBLL02

