=LDR  06977 am a22012374a 4500
=001  018356844
=003  Uk
=005  20170612072943.0
=007  cr\cnu||||||||
=008  020109m20009999dcua\\\\\b\\\\000\0\eng\\
=010  \\$a  2002275572$z  2015302823
=020  \\$a0309072948$q(v. 1)
=020  \\$a9780309072946$q(v. 1)
=020  \\$z030908511X$q(v. 2)
=020  \\$z9780309085113$q(v. 2)
=020  \\$a0309088836$q(pbk. ;$qv. 3)
=020  \\$a9780309088831$q(pbk. ;$qv. 3)
=020  \\$a9780309089999$q(v. 3)
=020  \\$a0309089999$q(v. 3)
=020  \\$a9780309091473$q(v. 4)
=020  \\$a0309091470$q(v. 4)
=020  \\$a0309103584$q(pbk. ;$qv. 5)
=020  \\$a9780309103589$q(pbk. ;$qv. 5)
=020  \\$a0309112133$q(v. 6)
=020  \\$a9780309112130$q(v. 6)
=020  \\$a9780309127554$q(pbk. ;$qv. 7)
=020  \\$a0309127556$q(pbk. ;$qv. 7)
=020  \\$a9780309145152$q(pbk. ;$qv. 8)
=020  \\$a0309145155$q(pbk. ;$qv. 8)
=020  \\$a9780309159449$q(v. 9)
=020  \\$a030915944X$q(v. 9)
=020  \\$a9780309219877$q(v. 10)
=020  \\$a0309219876$q(v. 10)
=020  \\$a9780309254816$q(v. 11)
=020  \\$a0309254817$q(v. 11)
=020  \\$a9780309255011$q(v. 12)
=020  \\$a0309255015$q(v. 12)
=020  \\$a9780309290258$q(v. 13)
=020  \\$a0309290252$q(v. 13)
=020  \\$a9780309283083$q(v. 14)
=020  \\$a0309283086$q(v. 14)
=020  \\$a9780309291224$q(v. 15)
=020  \\$a0309291224$q(v. 15)
=020  \\$a9780309300964$q(v. 16)
=020  \\$a0309300967$q(v. 16)
=020  \\$a9780309304764$q(v. 17)
=020  \\$a0309304768$q(v. 17)
=020  \\$a9780309311892$q(v. 18)
=020  \\$a0309311896$q(v. 18)
=020  \\$a9780309368940$q(v. 19)
=020  \\$a0309368944$q(v. 19)
=020  \\$a9780309449151$q(v. 20)
=020  \\$a0309449154$q(v. 20)
=035  \\$a(OCoLC)45864724$z(OCoLC)269437303$z(OCoLC)369144287$z(OCoLC)458319535$z(OCoLC)929658905$z(OCoLC)982552751
=040  \\$aDLC$beng$cDLC$dNLM$dCPL$dAGL$dBAKER$dNATAP$dBTCTA$dLVB$dYDXCP$dKSU$dCDX$dCOD$dCGU$dAAA$dOCLCF$dCIT$dNDD$dKIJ$dOCLCQ$dOCLCO$dCOO$dOCLCQ
=042  \\$apcc
=050  00$aRA1245$b.A286 2000
=060  00$a2001 E-776
=060  10$aWA 670$bA189 2000
=070  0\$aRA1245$b.A286 2000
=082  00$a615.9/1$221
=245  00$aAcute exposure guideline levels for selected airborne chemicals /$cSubcommittee on Acute Exposure Guideline Levels, Committee on Toxicology, Board on Environmental Studies and Toxicology, Commission of Life Sciences, National Research Council.
=260  \\$aWashington, D.C. :$bNational Academy Press,$c©2000-<c2015>
=300  \\$avolumes <1-19> :$billustrations ;$c23 cm.
=336  \\$atext$btxt$2rdacontent
=337  \\$aunmediated$bn$2rdamedia
=338  \\$avolume$bnc$2rdacarrier
=490  1\$3v. 1-8:$aThe compass series
=500  \\$aVols. 5-<16-20>: "Committee on Acute Exposure Guideline Levels, Committee on Toxicology."
=504  \\$aIncludes bibliographical references.
=505  1\$av. 1. Aniline, arsine, monomethlyhydrazine, dimethylhydrazine -- v. 2. Phosgene, propylene glycol dinitrate, 1,1,1,2-tetrafluoroethane, 1,1-dichloro-1-fluoroethane, hydrogen cyanide -- v. 3. Nerve agents GA (tabun), GB (sarin), GD (soman), GD, and VX, sulfur mustard, diborane, and methyl isocyanate -- v. 4. Chlorine, hydrogen chloride, hydrogen fluoride, toluene 2,4- and 2,6- diisocyanate, uranium hexafluoride -- v. 5. Chlorine dioxide, chlorine trifluoride, cyclohexylamine, ethylenediamine, ethyl nonafluorobutylether, methyl nonafluoroisobutyl ether, tetranitromethane -- v. 6. Ammonia, nickel carbonyl and phosphine, & others -- v. 7. Acetone cyanohydrin, carbon disulfide, monochloroacetic acid, & phenol -- v. 8. Acrolein, carbon monoxide, 1,2-dichloroethene, ethylenimine, fluorine, hydrazine, peracetic acid, propylenimine, and sulfur dioxide -- v. 9. Bromine, ethylene oxide, furan, hydrogen sulfide, propylene oxide, xylenes -- v. 10. N, N-dimethylformamide, jet propellant fuels 5 and 8, methyl ethyl ketone, perchloromethyl mercaptan, phosphorus oxychloride, phosphorus trichloride, sulfuryl chloride -- v. 11. Bis-chloromethyl ether, chloromethyl methyl ether, selected chlorosilanes, nitrogen oxides, vinyl chloride -- v. 14. Agent BZ (3-quinuclidinyl benzilate), ethyl phosphorodichloridate, n-hexane, methanesulfonyl chloride, nitric acid, propargyl alcohol, vinyl acetate -- v. 15. Ethyl mercaptan, methyl mercaptan, phenyl mercaptan, tert-octyl mercaptan, lewisite, methyl isothiocyanate, and selected monoisocyanates -- v. 16. Aliphatic nitriles, benzonitrile, methacrylonitrile, allyl alcohol, hydrogen selenide, ketene, tear gas (CS) -- v. 17. Acrylonitrile, carbon tetrachloride, cyanogen, epichlorohydrin, ethylene chlorohydrin, toluene, trimethylacetyl chloride, hydrogen bromide, boron tribromide -- v. 18. Bromine chloride -- Carbonyl fluoride -- Selected halogen fluorides -- Oxygen difluoride.
=506  \\$aAccess free].
=650  \0$aGases, Asphyxiating and poisonous.
=650  12$aHazardous Substances$xstandards.
=650  12$aEnvironmental Exposure$xstandards.
=650  22$aHazardous Substances$xtoxicity.
=650  22$aAir Pollutants$xstandards.
=650  \6$aGaz asphyxiants et délétères.
=650  \6$aSubstances dangereuses$xAspect sanitaire.
=650  \6$aProduits chimiques$xEffets physiologiques.
=650  \6$aProduits chimiques$xAspect sanitaire.
=650  \7$aGases, Asphyxiating and poisonous.$2fast$0(OCoLC)fst00938661
=710  2\$aNational Research Council (U.S.).$bSubcommittee on Acute Exposure Guideline Levels.
=710  2\$aNational Research Council (U.S.).$bCommittee on Acute Exposure Guideline Levels.
=830  \0$aCompass series (Washington, D.C.)
=852  11$aBritish Library$bSTI$k(B)$h615.91
=856  41$3National Academies Press$uhttp://books.nap.edu/books/0309072948/html/index.html
=856  41$3Table of contents$uhttp://catdir.loc.gov/catdir/toc/fy051/2002275572.html
=856  41$uhttp://www.ncbi.nlm.nih.gov/books/NBK241487/
=856  4\$uhttp://www.ncbi.nlm.nih.gov/books/NBK201485/
=856  4\$uhttp://www.ncbi.nlm.nih.gov/books/NBK207604/
=856  4\$uhttp://www.ncbi.nlm.nih.gov/books/NBK207732/
=856  4\$uhttp://www.ncbi.nlm.nih.gov/books/NBK207879/
=856  4\$uhttp://www.ncbi.nlm.nih.gov/books/NBK208162/
=856  4\$uhttp://www.ncbi.nlm.nih.gov/books/NBK214900/
=856  4\$uhttp://www.ncbi.nlm.nih.gov/books/NBK220012/
=856  4\$uhttp://www.ncbi.nlm.nih.gov/books/NBK222411/
=856  4\$uhttp://www.ncbi.nlm.nih.gov/books/NBK224935/
=856  4\$uhttp://www.ncbi.nlm.nih.gov/pubmed/25077184
=856  4\$uhttp://www.ncbi.nlm.nih.gov/books/NBK395678/
=CAT  \\$a11253$b40$c20170531$lBLL01$h0823
=CAT  \\$a10904$b40$c20170612$lBLL01$h0729
=CAT  \\$aW1707-0052$c20170703$lBLL01$h1935
=FMT  \\$a  BK
=LAS  \\$aW1707-0052$b00$c20170703$lBLL01$h1935
=SID  \\$aZ39$bOCLC

