=LDR  04243 am a22004697i 4500
=001  017718496
=003  Uk
=005  20160209112146.0
=008  150226t20152015dcua\\\\\b\\\\000\0\eng\d
=010  \\$a  2015934699
=020  \\$a9780309316897 (pbk.)
=020  \\$a0309316898 (pbk.)
=035  \\$a(OCoLC)ocn907075778
=040  \\$aAZS$beng$cAZS$dNRZ$dNTD$dBTCTA$dYDXCP$dDLC$dUk$erda
=042  \\$aukblderived
=050  00$aRC370$b.I568 2015
=082  00$a616.0478$223
=110  2\$aInstitute of Medicine (U.S.).$bCommittee on the Diagnostic Criteria for Myalgic Encephalomyelitis/Chronic Fatigue Syndrome,$eissuing body.
=245  10$aBeyond myalgic encephalomyelitis/chronic fatigue syndrome :$bredefining an illness /$cCommittee on the Diagnostic Criteria for Myalgic Encephalomyelitis/Chronic Fatigue Syndrome, Board on the Health of Select Populations, Institute of Medicine of the National Academies.
=264  \1$aWashington, D.C. :$bThe National Academies Press,$c[2015]
=264  \4$c©2015
=300  \\$axxi, 282 pages :$bcolor illustrations ;$c23 cm
=336  \\$atext$btxt$2rdacontent
=337  \\$aunmediated$bn$2rdamedia
=338  \\$avolume$bnc$2rdacarrier
=504  \\$aIncludes bibliographical references.
=520  \\$a"Myalgic encephalomyelitis (ME) and chronic fatigue syndrome (CFS) are serious, debilitating conditions that affect millions of people in the United States and around the world. ME/CFS can cause significant impairment and disability. Despite substantial efforts by researchers to better understand ME/CFS, there is no known cause or effective treatment. Diagnosing the disease remains a challenge, and patients often struggle with their illness for years before an identification is made. Some health care providers have been skeptical about the serious physiological - rather than psychological - nature of the illness. Once diagnosed, patients often complain of receiving hostility from their health care provider as well as being subjected to treatment strategies that exacerbate their symptoms. Beyond Myalgic Encephalomyelitis/Chronic Fatigue Syndrome proposes new diagnostic clinical criteria for ME/CFS and a new term for the illness - systemic exertion intolerance disease(SEID). .According to this report, the term myalgic encephalomyelitis does not accurately describe this illness, and the term chronic fatigue syndrome can result in trivialization and stigmatization for patients afflicted with this illness. Beyond Myalgic Encephalomyelitis/Chronic Fatigue Syndrome stresses that SEID is a medical - not a psychiatric or psychological - illness. This report lists the major symptoms of SEID and recommends a diagnostic process.One of the report's most important conclusions is that a thorough history, physical examination, and targeted work-up are necessary and often sufficient for diagnosis. The new criteria will allow a large percentage of undiagnosed patients to receive an accurate diagnosis and appropriate care. .Beyond Myalgic Encephalomyelitis/Chronic Fatigue Syndrome will be a valuable resource to promote the prompt diagnosis of patients with this complex, multisystem, and often devastating disorder; enhance public understanding; and provide a firm foundation for future improvements in diagnosis and treatment."--$cPublisher's description.
=530  \\$aAlso issued online.
=650  \0$aMyalgic encephalomyelitis$xDiagnosis.
=650  \0$aChronic fatigue syndrome$xDiagnosis.
=650  \0$aChronic fatigue syndrome.
=710  2\$aInstitute of Medicine (U.S.).$bBoard on the Health of Select Populations,$eissuing body.
=776  08$aInstitute of Medicine (U.S.). Committee on the Diagnostic Criteria for Myalgic Encephalomyelitis.$tBeyond myalgic encephalomyelitis/chronic fatigue syndrome.$w(OCoLC)906233426$dWashington, D.C. : National Academies Press, 2015
=852  11$aBritish Library$bSTI$k(B)$h616.0478
=856  41$3National Academies Press$uhttp://www.nap.edu/openbook.php?record_id=19012
=CAT  \\$aCOUTTS-2$b00$c20160126$lBLL01$h1751
=CAT  \\$a11131$b40$c20160205$lBLL01$h0812
=CAT  \\$a11056$b40$c20160209$lBLL01$h1121
=FIN  \\$aY$d20160205
=FMT  \\$a  BK
=LAS  \\$a11056$b40$c20160209$lBLL01$h1121
=SRC  \\$aBLL02

