=LDR  02450cam a22005177i 4500
=001  017718545
=003  Uk
=005  20230223162549.0
=008  150820t20152015dcua\\\\\b\\\\100\0\eng\d
=020  \\$a0309371546
=020  \\$a9780309371544
=035  \\$a(OCoLC)918997661$z(OCoLC)920374513$z(OCoLC)922913934
=040  \\$aYDXCP$beng$cYDXCP$dAZS$dOCLCO$dNRZ$dCOO$dOCLCO$dOCLCF$dOCLCO$dZCU$dOCLCO$dBTCTA$dWVU$dOCLCO$dIUL$dOCLCO$dNTD$dCDX$dVET$dOCLCO$dUk$erda
=042  \\$aukblderived
=060  \4$aWA 590$bA456h 2015
=082  04$a613.1$223
=100  1\$aAlper, Joe,$erapporteur.
=245  10$aHealth literacy :$bpast, present, and future : workshop summary /$cJoe Alper, Rapporteur ; Roundtable on Health Literacy, Board on Population Health and Public Health Practice, Institute of Medicine, The National Academies of Science, Engineering, Medicine.
=264  \1$aWashington, D.C. :$bNational Academies Press,$c[2015]
=264  \4$c©2015
=300  \\$axviii, 112 pages :$bcolor illustrations ;$c23 cm
=336  \\$atext$btxt$2rdacontent
=337  \\$aunmediated$bn$2rdamedia
=338  \\$avolume$bnc$2rdacarrier
=504  \\$aIncludes bibliographical references (pages 91-94).
=530  \\$aAlso issued online.
=650  \0$aHealth education$vCongresses.
=650  \0$aMedical policy$vCongresses.
=650  \0$aLiteracy$vCongresses.
=650  \7$aHealth education.$2fast$0(OCoLC)fst00952878
=650  \7$aLiteracy.$2fast$0(OCoLC)fst00999859
=650  \7$aMedical policy.$2fast$0(OCoLC)fst01014505
=655  \7$aConference papers and proceedings.$2fast$0(OCoLC)fst01423772
=710  2\$aInstitute of Medicine (U.S.).$bRoundtable on Health Literacy,$eissuing body.
=711  2\$aHealth Literacy: Past, Present, and Future (Workshop)$d(2014 :$cWashington, D.C.)
=776  08$aHealth Literacy: Past, Present, and Future (Workshop) (2014 : Washington, D.C.).$tHealth literacy.$w(OCoLC)918941173$dWashington, D.C. : National Academies Press, [2015]$z9780309371551
=852  11$aBritish Library$bSTI$k(B)$h613.1
=856  41$3National Academies Press$uhttp://www.nap.edu/openbook.php?record_id=21714
=985  \\$aUpdated by MS generated file for WR2302-017
=CAT  \\$aCOUTTS-2$b00$c20160126$lBLL01$h1751
=CAT  \\$a11131$b40$c20160405$lBLL01$h0843
=CAT  \\$aW2302-0174$c20230223$lBLL01$h2006
=FIN  \\$aY$d20160405
=FMT  \\$a  BK
=LAS  \\$aW2302-0174$b00$c20230223$lBLL01$h2006
=SID  \\$aZ39$bOCLC

