=LDR  04847 am a22006257i 4500
=001  017718587
=003  Uk
=005  20160405092026.0
=008  151005t20152015dcua\\\\\ab\\\100\0\eng\d
=010  \\$a  2015458389
=020  \\$a9780309368520
=020  \\$a0309368529
=035  \\$a(OCoLC)ocn906655819
=040  \\$aYDXCP$beng$cYDXCP$dNRZ$dIXA$dKSU$dBTCTA$dOCLCF$dIUL$dDLC$dUk$erda
=042  \\$aukblderived
=050  00$aGF504.G85$bC66 2014
=082  00$a304.2/80976$223
=111  2\$aCommunity Resilience and Health Opportunity Analysis Workshop$d(2014 :$cNew Orleans, La.)$jauthor.
=245  10$aOpportunities for the gulf research program :$bcommunity resilience and health : summary of a workshop /$cGulf Research Program ; LeighAnne Olsen and Steve Olsen, rapporteurs ; National Academy of Sciences ; National Academy of Engineering ; Institute of Medicine ; National Research Council of the National Academies.
=246  30$aCommunity resilience and health :$bsummary of a workshop
=264  \1$aWashington, D.C. :$bThe National Academies Press,$c[2015]
=264  \4$c©2015
=300  \\$axiii, 75 pages :$billustrations ;$c28 cm
=336  \\$atext$btxt$2rdacontent
=337  \\$aunmediated$bn$2rdamedia
=338  \\$avolume$bnc$2rdacarrier
=504  \\$aIncludes bibliographical references (pages 56-58).
=505  0\$aHuman Health, Public Health Practice, and Community Resilience -- Perspectives on Resilient Communities -- Reducing Risk and Improving Disaster Recovery -- Building Resilience in the Gulf Region -- Capacity to Address Environmental Health Risks -- Long-term Opportunities -- Lasting Benefit -- References -- Workshop Agenda -- Statement of Task -- Speaker Biographies -- Workshop Attendees -- Related Funding Programs.
=520  \\$a"There are many connections between human communities and their surrounding environments that influence community resilience and health in the Gulf of Mexico. The impacts of the Deepwater Horizon oil spill on Gulf communities and ecosystems - coupled with the region's preexisting health challenges and environmental stressors - illustrate the need to better understand these connections. In the future, natural and man-made disasters, climate change impacts, and other environmental stressors will present complex challenges to the physical, mental, and social well-being of communities in the Gulf. Understanding the interrelationships among health, ecological, and economic impacts of disasters and other environmental stressors will be crucial to addressing these challenges. Opportunities for the Gulf Research Program: Community Resilience and Health summarizes a Gulf Research Program workshop held on September 22-23, 2014, in New Orleans, Louisiana. The workshop examined opportunities to improve the health, well-being, and resilience of communities in the Gulf region through discussions with about 50 participants with diverse expertise and experience. These discussions identified perceived needs, challenges, and opportunities that align with the Gulf Research Program's mission and goals - particularly its goal to improve understanding of the connections between human health and the environment to support the development of health and resilient Gulf communities. This workshop is expected to lead to the development of additional Program activities and opportunities for the research community."--Publisher's description.
=650  \0$aHuman ecology$zMexico, Gulf of.
=650  \0$aResilience (Personality trait)$zMexico, Gulf of.
=650  \0$aMedical care$zMexico, Gulf of.
=650  \0$aPublic health$zMexico, Gulf of.
=650  \7$aHuman ecology.$2fast$0(OCoLC)fst00962941
=650  \7$aMedical care.$2fast$0(OCoLC)fst01013753
=650  \7$aPublic health.$2fast$0(OCoLC)fst01082238
=650  \7$aResilience (Personality trait)$2fast$0(OCoLC)fst01095573
=651  \7$aGulf of Mexico.$2fast$0(OCoLC)fst01239980
=700  1\$aOlsen, LeighAnne.
=700  1\$aOlsen, Steve.
=710  2\$aGulf Research Program,$eissuing body.
=710  2\$aNational Academy of Engineering,$eissuing body.
=710  2\$aInstitute of Medicine (U.S.),$eissuing body.
=710  2\$aNational Academy of Sciences (U.S.),$eissuing body.
=710  2\$aNational Research Council (U.S.),$eissuing body.
=776  08$tOpportunities for the Gulf Research Program.$w(OCoLC)905600163$dWashington, D.C. : National Academies Press, [2015]$z9780309368537
=852  11$aBritish Library$bSTI$k(B)$h304.280976
=856  41$3National Academies Press$uhttp://www.nap.edu/openbook.php?record_id=21691
=CAT  \\$aCOUTTS-2$b00$c20160126$lBLL01$h1751
=CAT  \\$aBATCH-UPD$b00$c20160126$lBLL01$h1752
=CAT  \\$a11131$b40$c20160405$lBLL01$h0920
=FIN  \\$aY$d20160405
=FMT  \\$a  BK
=LAS  \\$a11131$b40$c20160405$lBLL01$h0920
=SRC  \\$aBLL02

