=LDR  04021 am a22005417i 4500
=001  017718611
=003  Uk
=005  20160322090509.0
=008  151005t20152015dcuab\\\\b\\\\000\0\eng\d
=010  \\$a  2015458384
=020  \\$a9780309304030 (pbk.)
=020  \\$a0309304032 (pbk.)
=035  \\$a(OCoLC)ocn904811145
=040  \\$aYDXCP$beng$cYDXCP$dAZS$dNRZ$dDLC$dUk$erda
=042  \\$aukblderived
=043  \\$an-us---
=050  00$aQR189$b.I535 2015
=082  00$a615.3/720973$223
=110  2\$aInstitute of Medicine (U.S.).$bCommittee on Identifying and Prioritizing New Preventive Vaccines for Development,$eauthor.
=245  10$aRanking vaccines :$bapplications of a prioritization software tool.$nPhase III,$pUse case studies and data framework /$cCommittee on Identifying and Prioritizing New Preventive Vaccines for Development, Phase III, Board on Population Health and Public Health Practice, Board on Global Health, Guruprasad Madhavan, Charles Phelps, Rino Rappuoli, Rose Marie Martinez, and Lonnie King, editors, Institute of Medicine and National Academy of Engineering of the National Academies.
=246  3\$aApplications of a prioritization software tool
=246  3\$aUse case studies and data framework
=264  \1$aWashington, D.C. :$bThe National Academies Press,$c[2015]
=264  \4$c©2015
=300  \\$axiii, 114 pages :$billustrations (some color), color map ;$c26 cm
=336  \\$atext$btxt$2rdacontent
=337  \\$aunmediated$bn$2rdamedia
=338  \\$avolume$bnc$2rdacarrier
=504  \\$aIncludes bibliographical references (pages 81-83).
=505  0\$aSMART Vaccines and Smart Priorities -- Data Synthesis and Framework -- Use Case Scenarios and Design Enhancements -- Reflections and Looking Forward -- Appendix A: Use Case Scenarios Report for SMART Vaccines -- Appendix B Committee's Response to the Use Case Scenarios Report -- Appendix C SMART Vaccines Software Updates -- Appendix D Stakeholder Speakers -- Appendix E Biographical Information
=520  \\$a"SMART Vaccines - Strategic Multi-Attribute Ranking Tool for Vaccines - is a prioritization software tool developed by the Institute of Medicine that utilizes decision science and modeling to help inform choices among candidates for new vaccine development. A blueprint for this computer-based guide was presented in the 2012 report Ranking Vaccines: A Prioritization Framework: Phase I. The 2013 Phase II report refined a beta version of the model developed in the Phase I report. Ranking Vaccines: Applications of a Prioritization Software Tool: Phase III: Use Case Studies and Data Framework extends this project by demonstrating the practical applications of SMART Vaccines through use case scenarios in partnership with the Public Health Agency of Canada, New York State Department of Health, and the Serum Institute of India. This report also explores a novel application of SMART Vaccines in determining new vaccine product profiles, and offers practical strategies for data synthesis and estimation to encourage the broader use of the software." --$cPublisher's description.
=530  \\$aAlso issued online.
=650  \0$aVaccines$xDevelopment$zUnited States$xDecision making.
=650  \0$aVaccines industry$zUnited States$xDecision making.
=650  \0$aResource allocation$zUnited States.
=650  \0$aResource allocation$zUnited States$vSoftware.
=700  1\$aMadhavan, Guruprasad,$eeditor.
=710  2\$aInstitute of Medicine (U.S.).$bBoard on Population Health and Public Health Practice,$esponsoring body.
=710  2\$aNational Academy of Engineering,$esponsoring body.
=852  11$aBritish Library$bSTI$k(B)$h615.3720973
=856  41$3National Academies Press$uhttp://www.nap.edu/openbook.php?record_id=18763
=CAT  \\$aCOUTTS-2$b00$c20160126$lBLL01$h1751
=CAT  \\$aBATCH-UPD$b00$c20160126$lBLL01$h1752
=CAT  \\$a11002$b40$c20160322$lBLL01$h0905
=FIN  \\$aY$d20160322
=FMT  \\$a  BK
=LAS  \\$a11002$b40$c20160322$lBLL01$h0905
=SRC  \\$aBLL02

