=LDR  03400 am a22004817i 4500
=001  017718613
=003  Uk
=005  20160405083834.0
=008  150401s2015\\\\dcua\\\\\b\\\\100\0\eng\d
=010  \\$a  2015452375
=020  \\$a9780309366830
=020  \\$a0309366836
=035  \\$a(OCoLC)905979237
=040  \\$aAZS$beng$cAZS$dAZS$dNRZ$dNTD$dYDXCP$dH9Z$dOCLCF$dOCLCO$dDLC$dSOI$dUk$erda
=042  \\$aukblderived
=082  04$a612.3/1$223
=100  1\$aPray, Leslie A.,$eauthor.
=245  10$aRelationships among the brain, the digestive system, and eating behavior :$bworkshop summary /$cLeslie Pray, rapporteur, Food Forum, Food and Nutrition Board, Institute of Medicine of the National Academies.
=264  \1$aWashington, D.C. :$bThe National Academies Press,$c[2015]
=300  \\$axii, 122 pages :$billustrations ;$c23 cm
=336  \\$atext$btxt$2rdacontent
=337  \\$aunmediated$bn$2rdamedia
=338  \\$avolume$bnc$2rdacarrier
=504  \\$aIncludes bibliographical references (pages 97-108).
=505  0\$aInteraction between the brain and the digestive system -- Assessing the science behind methodologies being used to characterize food as addictive -- Future directions : is the addiction model for drugs and alcohol appropriate for food? -- Integrating the evidence -- Appendixes : A. Abbreviations and acronyms -- B. Workshop agenda -- C. Speaker biographical sketches.
=520  \\$a"On July 9-10, 2014, the Institute of Medicine's Food Forum hosted a public workshop to explore emerging and rapidly developing research on relationships among the brain, the digestive system, and eating behavior. Drawing on expertise from the fields of nutrition and food science, animal and human physiology and behavior, and psychology and psychiatry as well as related fields, the purpose of the workshop was to (1) review current knowledge on the relationship between the brain and eating behavior, explore the interaction between the brain and the digestive system, and consider what is known about the brain's role in eating patterns and consumer choice; (2) evaluate current methods used to determine the impact of food on brain activity and eating behavior; and (3) identify gaps in knowledge and articulate a theoretical framework for future research. Relationships among the Brain, the Digestive System, and Eating Behavior summarizes the presentations and discussion of the workshop."--Publisher's description.
=530  \\$aAlso issued online.
=650  \0$aFood habits$xPsychological aspects$vCongresses.
=650  \0$aFood preferences$xPsychological aspects$vCongresses.
=650  \0$aNutrition$xPsychological aspects$vCongresses.
=650  \7$aFood habits$xPsychological aspects.$2fast$0(OCoLC)fst00930816
=650  \7$aFood preferences$xPsychological aspects.$2fast$0(OCoLC)fst00930984
=650  \7$aNutrition$xPsychological aspects.$2fast$0(OCoLC)fst01042226
=655  \7$aConference papers and proceedings.$2fast$0(OCoLC)fst01423772
=710  2\$aInstitute of Medicine (U.S.).$bFood Forum,$eissuing body.
=852  11$aBritish Library$bSTI$k(B)$h612.31
=856  41$3National Academies Press$uhttp://www.nap.edu/openbook.php?record_id=21654
=CAT  \\$aCOUTTS-2$b00$c20160126$lBLL01$h1751
=CAT  \\$a11131$b40$c20160405$lBLL01$h0838
=FIN  \\$aY$d20160405
=FMT  \\$a  BK
=LAS  \\$a11131$b40$c20160405$lBLL01$h0838
=SID  \\$aZ39$bOCLC

