=LDR  04331cam a22005897i 4500
=001  017945217
=003  Uk
=005  20230223163008.0
=008  160630t20152015dcua\\\\\b\\\\100\0\eng\d
=010  \\$a  2016427584
=020  \\$a9780309373234
=020  \\$a0309373239
=035  \\$a(OCoLC)ocn921241584
=040  \\$aYDXCP$beng$cYDXCP$dAZS$dIXA$dNRZ$dCUT$dCOO$dOCLCO$dZCU$dOCLCO$dNTD$dBTCTA$dDLC$dUk$erda
=042  \\$aukblderived
=050  00$aRM301.25$b.N67 2015
=082  00$a615.194$223
=100  1\$aNorris, Sheena M. Posey,$erapporteur.
=245  10$aFinancial incentives to encourage development of therapies that address unmet medical needs for nervous system disorders :$bworkshop summary /$cSheena M. Posey Norris, Evelyn Strauss, Christopher DeFeo, and Clare Stroud, rapporteurs ; Forum on Neuroscience and Nervous System Disorders, Forum on Drug Discovery, Development, and Translation, Board on Health Sciences Policy, Institute of Medicine of the National Academies.
=264  \1$aWashington, D.C. :$bThe National Academies Press,$c[2015]
=264  \4$c©2015
=300  \\$axiv, 114 pages :$bcolor illustrations ;$c23 cm
=336  \\$atext$btxt$2rdacontent
=337  \\$aunmediated$bn$2rdamedia
=338  \\$avolume$bnc$2rdacarrier
=504  \\$aIncludes bibliographical references (pages 61-64).
=505  0\$aIntroduction and overview. Workshop objectives -- Organization of the report -- Unmet medical needs in nervous system disorders -- Topics highlighted during presentations and discussions -- Improving market protection. How companies make decisions -- Business implications of the stagnant R&D climate for CNS drugs -- Overview of the current intellectual property (IP) environment for the private sector -- Legislation establishing market protection periods -- Potential new approaches to extending market protection -- Opportunities to incentivize R&D through improved market protection -- Strenghtening the regulatory pathway. Drug development -- Regulatory challenges specific to CNS disorders -- Potential mechanisms to address regulaltory challenges -- Clarity or regulatory processes and decisions -- Reimbursement -- Opportunities to incentivize R&D by strenghtening regulatory pathways -- Patient benefit and engagement. Patient involvement -- Determining value to patients -- Creatively engaging public-private partneships, advocacy groups, and nonprofit health organizations -- Opportunity to encourage patient involvement in the drug development process.
=530  \\$aAlso issued online.
=650  \0$aDrug development$xEconomic aspects$vCongresses.
=650  \0$aCentral nervous system$xDiseases$xEffect of drugs on$vCongresses.
=650  \0$aPharmaceutical industry$xEconomic aspects$vCongresses.
=650  \0$aPublic-private sector cooperation$vCongresses.
=655  \7$aConference papers and proceedings.$2fast$0(OCoLC)fst01423772
=710  2\$aInstitute of Medicine (U.S.).$bForum on Neuroscience and Nervous System Disorders,$eissuing body.
=711  2\$aFinancial Incentives to Encourage Development of Therapies That Address Unmet Medical Needs for Nervous System Disorders (Workshop)$d(2015 :$cWashington, D.C.)$jauthor.
=776  08$aFinancial Incentives to Encourage Development of Therapies That Address Unmet Medical Needs for Nervous System Disorders (Workshop) (2015 : Washington, D.C.).$tFinancial incentives to encourage development of therapies that address unmet medical needs for nervous system disorders.$w(OCoLC)927362841$dWashington, D.C. : National Academies Press, [2015]$z9780309373241
=852  11$aBritish Library$bSTI$k(B)$h615.194
=856  41$3National Academies Press$uhttp://www.nap.edu/read/21732/chapter/1
=985  \\$aUpdated by MS generated file for WR2302-017
=CAT  \\$a8157$b40$c20160727$lBLL01$h1209
=CAT  \\$aBATCH-UPD$b40$c20160727$lBLL01$h1210
=CAT  \\$a11131$b40$c20160906$lBLL01$h1156
=CAT  \\$a11056$b40$c20160909$lBLL01$h0932
=CAT  \\$a11056$b40$c20160909$lBLL01$h0934
=CAT  \\$aBATCH-UPD$b40$c20170116$lBLL01$h2025
=CAT  \\$aBATCH-UPD$b40$c20170127$lBLL01$h1632
=CAT  \\$aW2302-0174$c20230223$lBLL01$h2010
=CAT  \\$aW2308-1659$c20230923$lBLL01$h1008
=FIN  \\$aY$d20160906
=FMT  \\$a  BK
=LAS  \\$aW2308-1659$b00$c20230923$lBLL01$h1008
=SRC  \\$aBLL02

