=LDR  05372cam a2200589 i 4500
=001  017945262
=003  Uk
=005  20160812104032.0
=008  150722s2015\\\\dcua\\\\\b\\\\000\0\eng\d
=010  \\$a2015947372
=015  \\$aGBB6B1473$2bnb
=020  \\$a9780309373883 (paperback)
=020  \\$a0309373883 (paperback)
=020  \\$z9780309373890 (ebook)
=020  \\$z0309373891 (ebook)
=035  \\$a(OCoLC)ocn927014485
=040  \\$aNRZ$beng$cNRZ$dBTCTA$dYDXCP$dOCLCF$dNKM$dKSU$dWVU$dW2U$dOCL$dDLC$dUk$erda
=042  \\$aukblsr
=050  00$aTL151.6$b.N38 2015
=082  00$a338.47629253$223
=110  2\$aNational Research Council (U.S.).$bCommittee on the Assessment of Technologies for Improving Fuel Economy of Light-Duty Vehicles, Phase 2.
=245  10$aCost, effectiveness, and deployment of fuel economy technologies for light-duty vehicles /$cCommittee on the Assessment of Technologies for Improving Fuel Economy of Light-Duty Vehicles, Phase 2; Board on Energy and Environmental Systems; Division on Engineering and Physical Sciences; National Research Council of the National Academies.
=264  \1$aWashington, D.C. :$bThe National Academies Press,$c[2015]
=300  \\$axx, 445 pages :$billustrations (black and white, and colour) ;$c28 cm
=336  \\$atext$2rdacontent
=337  \\$aunmediated$2rdamedia
=338  \\$avolume$2rdacarrier
=504  \\$aIncludes bibliographical references.
=505  0\$aTechnologies for reducing fuel consumption in spark-ignition engines -- Technologies for reducing fuel consumption in compression-ignition diesel engines -- Electrified powertrains -- Transmissions -- Non-powertrain technologies -- Cost and manufacturing considerations for meeting fuel economy standards -- Estimates of technology costs and fuel consumption reduction effectiveness -- Consumer impacts and acceptance issues -- Overall assessment of CAFE program methodology and design.
=520  \\$a"The light-duty vehicle fleet is expected to undergo substantial technological changes over the next several decades. New powertrain designs, alternative fuels, advanced materials and significant changes to the vehicle body are being driven by increasingly stringent fuel economy and greenhouse gas emission standards. By the end of the next decade, cars and light-duty trucks will be more fuel efficient, weigh less, emit less air pollutants, have more safety features, and will be more expensive to purchase relative to current vehicles. Though the gasoline-powered spark ignition engine will continue to be the dominant powertrain configuration even through 2030, such vehicles will be equipped with advanced technologies, materials, electronics and controls, and aerodynamics. And by 2030, the deployment of alternative methods to propel and fuel vehicles and alternative modes of transportation, including autonomous vehicles, will be well underway. What are these new technologies - how will they work, and will some technologies be more effective than others? Written to inform The United States Department of Transportation's National Highway Traffic Safety Administration (NHTSA) and Environmental Protection Agency (EPA) Corporate Average Fuel Economy (CAFE) and greenhouse gas (GHG) emission standards, this new report from the National Research Council is a technical evaluation of costs, benefits, and implementation issues of fuel reduction technologies for next-generation light-duty vehicles. Cost, Effectiveness, and Deployment of Fuel Economy Technologies for Light-Duty Vehicles estimates the cost, potential efficiency improvements, and barriers to commercial deployment of technologies that might be employed from 2020 to 2030. This report describes these promising technologies and makes recommendations for their inclusion on the list of technologies applicable for the 2017-2025 CAFE standards"--Publisher's description.
=530  \\$aAlso available electronically.
=650  \0$aTrucks$zUnited States$xFuel consumption.
=650  \0$aAutomobiles$xPower trains$zUnited States.
=650  \0$aDiesel motor$zUnited States.
=650  \0$aHybrid electric vehicles$zUnited States.
=650  \0$aFuel cell vehicles$zUnited States.
=690  7\$aManagement and Business Studies$2blcoll
=710  2\$aNational Research Council (U.S.).$bBoard on Energy and Environmental Systems,$esponsoring body.
=710  2\$aNational Research Council (U.S.).$bDivision on Engineering and Physical Sciences,$esponsoring body.
=776  08$ielectronic version:$aNational Research Council (U.S.). Committee on the Assessment of Technologies for Improving Fuel Economy of Light-Duty Vehicles, Phase 2.$tCost, effectiveness and deployment of fuel economy technologies for light-duty vehicles.$w(OCoLC)926046683$dWashington, D.C. : National Academies Press, [2015]$z9780309373890
=852  11$aBritish Library$bSTI$k(B)$h338.47629253
=856  41$3National Academies Press$uhttp://www.nap.edu/read/21744/chapter/1
=CAT  \\$a11253$b40$c20160727$lBLL01$h1318
=CAT  \\$a10904$b40$c20160809$lBLL01$h1316
=CAT  \\$a5751$b40$c20160811$lBLL01$h1414
=CAT  \\$a7416$b40$c20160812$lBLL01$h1040
=CAT  \\$aBATCH-MBS$c20160819$lBLL01$h2112
=CAT  \\$aW2308-1659$c20230923$lBLL01$h1008
=FIN  \\$aY$d20160811
=FMT  \\$a  BK
=LAS  \\$aW2308-1659$b00$c20230923$lBLL01$h1008
=SRC  \\$aBLL02

