=LDR  04020 am a2200613 i 4500
=001  017945271
=003  Uk
=005  20160905105528.0
=008  160115t20152015dcua\\\\\b\\\\100\0\eng\d
=020  \\$a9780309379243
=020  \\$a0309379245
=035  \\$a(OCoLC)934857883$z(OCoLC)935901125
=040  \\$aUNL$beng$cUNL$dIXA$dWVU$dZCU$dOCLCQ$dCDX$dUk$erda
=042  \\$aukblderived
=043  \\$an-us---
=050  \4$aSF406$b.D47 2015
=060  \4$aQY 54
=082  04$a636.1$223
=111  2\$aDesign, Implementation, Monitoring and Sharing of Performance Standards for Laboratory Animal Use (Workshop)$d(2015 :$cWashington, D.C.)$jauthor.
=245  10$aDesign, implementation, monitoring, and sharing of performance standards for laboratory animal use :$bsummary of a workshop /$cJoe Alper and Lida Anestidou, rapporteurs ; Roundtable on Science and Welfare in Laboratory Animal Use, Institute for Laboratory Animal Research, Division on Earth and Life Studies, the National Academies of Sciences, Engineering, Medicine.
=264  \1$aWashington, D.C. :$bNational Academies Press,$c[2015]
=264  \4$c©2015
=300  \\$axv, 111 pages :$billustrations ;$c23 cm
=336  \\$atext$btxt$2rdacontent
=337  \\$aunmediated$bn$2rdamedia
=338  \\$avolume$bnc$2rdacarrier
=504  \\$aIncludes bibliographical references (pages 93-95).
=505  0\$aIntroduction -- Overview of performance standards for the humane care and use of laboratory animals -- Regulatory and advisory perspectives -- EndUser perspectives -- Detailed steps in the development and implementation of performance standards -- Reports from the breakout sessions -- Sharing acceptable performance standards -- Reflections on the workshop.
=520  \\$a"In order to better understand the critical issues pertaining to the concept of performance standards for laboratory animal use, the Institute for Laboratory Animal Research Roundtable on Science and Welfare in Laboratory Animal Use held a public workshop on April 20-21, 2015. The purpose of the workshop was to promote the appropriate and responsible care of animals in research, to provide a balanced and civil forum for discussion and collaboration, and to help build transparency and trust among stakeholders. Participants addressed the challenges of defining, developing, implementing, assessing, and validating performance standards to ensure "optimal practices, management, and operations." This report summarizes the presentations and discussions from the workshop"--Publisher's description.
=530  \\$aAlso available via the World Wide Web.
=650  \0$aLaboratory animals$xStandards$zUnited States$vCongresses.
=650  \0$aAnimal models in research$xStandards$zUnited States$vCongresses.
=650  \0$aTesting laboratories$xStandards$zUnited States$vCongresses.
=650  \0$aLaboratories$xStandards$zUnited States$vCongresses.
=650  \0$aAnimal welfare$xStandards$zUnited States$vCongresses.
=650  12$aAnimals, Laboratory.
=650  12$aAnimal Welfare$xstandards.
=650  22$aLaboratory Animal Science$xstandards.
=650  22$aModels, Animal.
=651  \2$aUnited States.
=655  \2$aCongresses.
=700  1\$aAlper, Joe,$erapporteur.
=700  1\$aAnestidou, Lida,$d1965-$erapporteur.
=710  2\$aInstitute for Laboratory Animal Research (U.S.).$bRoundtable on Science and Welfare in Laboratory Animal Use.
=776  08$iOnline version:$tDesign, implementation, monitoring, and sharing of performance standards for laboratory animal use.$w(OCoLC)931120474$dWashington, D.C. : National Academies Press, 2015$z0309379245
=852  11$aBritish Library$bSTI$k(B)$h636.1
=856  41$3National Academies Press$uhttp://www.nap.edu/openbook.php?isbn=0309379245
=CAT  \\$a11253$b40$c20160727$lBLL01$h1323
=CAT  \\$aBATCH-UPD$b40$c20160727$lBLL01$h1324
=CAT  \\$a10904$b40$c20160905$lBLL01$h1055
=FIN  \\$aY$d20160905
=FMT  \\$a  BK
=LAS  \\$a10904$b40$c20160905$lBLL01$h1055
=SID  \\$aZ39$bOCLC

