=LDR  04082 am a2200517 i 4500
=001  017945306
=003  Uk
=005  20160908134257.0
=008  150909s2015\\\\dcua\\\\\b\\\|0|0\0|eng\d
=020  \\$a9780309373937 (paperback)
=020  \\$a030937393X (paperback)
=035  \\$a(OCoLC)921241697$z(OCoLC)933720020
=040  \\$aYDXCP$beng$cYDXCP$dNRZ$dOCLCO$dKSU$dOCLCO$dBTCTA$dUk$erda
=042  \\$aukblsr
=050  \4$aRC553.C64$bE53 2015
=082  04$a616.8527$223
=245  00$aEnabling discovery, development, and translation of treatments for cognitive dysfunction in depression :$bworkshop summary /$cLisa Bain and Clare Stroud, rapporteurs ; Forum on Neuroscience and Nervous System Disorders, Board on Health Sciences Policy, Institute of Medicine, the National Academies of Sciences, Engineering, Medicine.
=264  \1$aWashington, D.C. :$bThe National Academies Press,$c[2015]
=300  \\$axii, 77 pages :$billustrations (colour) ;$c23 cm
=336  \\$atext$btxt$2rdacontent
=337  \\$aunmediated$bn$2rdamedia
=338  \\$avolume$bnc$2rdacarrier
=500  \\$aSummary of Enabling Discovery, Development, and Translation of Treatments for Cognitive Dysfunction in Depression : a workshop, held on February 24, 2015 in Washington, D.C.
=504  \\$aIncludes bibliographical references.
=505  0\$aThe burden of cognitive dysfunction in depression -- State of the science: treatment development -- Challenges and potential solutions to enable development of successful treatments -- Regulatory issues -- Lessons learned from the schizophrenia field.
=520  \\$a"Major depressive disorder (MDD) is recognized worldwide as a major cause of disability, morbidity, and mortality. According to the World Health Organization, unipolar depressive disorders affect more than 150 million people around the world and represent the leading cause of years lost due to disability among both men and women. In the United States alone, nearly 8 percent of persons over the age of 12 report current depression. MDD has long been defined primarily as a mood disorder. However, more recently people have begun to recognize effects on cognition as a major contributor to the disablement that accompanies depression and to consider this an underrecognized treatment target for depression. To explore how best to enable the discovery, development, and translation of treatments for cognitive dysfunction in depression, including a focus on the regulatory path forward, the Institute of Medicine's Forum on Neuroscience and Nervous Disorders convened key stakeholders at a workshop in February 2015. This report summarizes the presentations from expert speakers and discussions among workshop participants"--Publisher's description.
=611  20$aEnabling Discovery, Development, and Translation of Treatments for Cognitive Dysfunction in Depression (Workshop)$d(2015 :$cWashington, D.C.)
=650  \0$aCognition disorders$zUnited States$xEtiology.
=650  \0$aCognition disorders$xTreatment$zUnited States.
=650  \0$aDepression, Mental$xTreatment$zUnited States.
=650  \0$aDrug development$xLaw and legislation$zUnited States.
=700  1\$aBain, Lisa J.,$erapporteur.
=700  1\$aStroud, Clare,$erapporteur.
=710  2\$aInstitute of Medicine (U.S.).$bForum on Neuroscience and Nervous System Disorders,$eissuing body.
=776  08$aBain, Lisa J.$tEnabling discovery, development, and translation of treatments for cognitive dysfunction in depression.$w(OCoLC)927357794$dWashington, DC : the National Academies Press, [2015]$z9780309373944
=852  11$aBritish Library$bSTI$k(B)$h616.8527
=856  41$3National Academies Press$uhttp://www.nap.edu/read/21745/chapter/1
=CAT  \\$a11253$b40$c20160727$lBLL01$h1342
=CAT  \\$aBATCH-UPD$b40$c20160727$lBLL01$h1343
=CAT  \\$a11014$b40$c20160908$lBLL01$h1342
=CAT  \\$aBATCH-UPD$b40$c20170116$lBLL01$h2025
=CAT  \\$aBATCH-UPD$b40$c20170127$lBLL01$h1632
=FIN  \\$aY$d20160908
=FMT  \\$a  BK
=LAS  \\$aBATCH-UPD$b40$c20170127$lBLL01$h1632
=SID  \\$aZ39$bOCLC

