=LDR  02299cam a22005417i 4500
=001  017945382
=003  Uk
=005  20230223163009.0
=008  160523t20152015dcua\\\\\b\\\\100\0\eng\d
=010  \\$a  2016304697
=020  \\$a9780309373289
=020  \\$a030937328X
=035  \\$a(OCoLC)ocn918994049
=040  \\$aYDXCP$beng$cYDXCP$dAZS$dOCLCQ$dNRZ$dBTCTA$dOCLCF$dZCU$dOCLCO$dDLC$dUk$erda
=042  \\$aukblderived
=050  00$aQD39.2$b.H84 2015
=082  00$a540$223
=100  1\$aHughes, Kathryn,$d1977-$eauthor.
=245  10$aMesoscale chemistry :$ba workshop summary /$cKathryn Hughes, Camly Tran, and Joe Alper, Rapporteurs ; Chemical Sciences Roundtable, Board on Chemical Sciences and Technology, Division on Earth and Life Sciences, National Research Council of the National Academies.
=264  \1$aWashington, D.C. :$bThe National Academies Press,$c[2015]
=264  \4$c©2015
=300  \\$axi, 91 pages :$billustrations (some color) ;$c28 cm
=336  \\$atext$btxt$2rdacontent
=337  \\$aunmediated$bn$2rdamedia
=338  \\$avolume$bnc$2rdacarrier
=504  \\$aIncludes bibliographical references (pages 65-71).
=530  \\$aAlso issued online.
=650  \0$aChemistry$vCongresses.
=650  \7$aChemistry.$2fast$0(OCoLC)fst00853344
=655  \7$aConference papers and proceedings.$2fast$0(OCoLC)fst01423772
=700  1\$aTran, Camly,$eauthor.
=700  1\$aAlper, Joe,$eauthor.
=710  2\$aNational Research Council (U.S.).$bChemical Sciences Roundtable,$eissuing body.
=776  08$tMesoscale chemistry.$w(OCoLC)917899526$dWashington, D.C. : The National Academies Press, [2015]$z9780309373296
=852  11$aBritish Library$bSTI$k(B)$h540
=856  41$3National Academies Press$uhttp://www.nap.edu/openbook.php?record_id=21733
=985  \\$aUpdated by MS generated file for WR2302-017
=CAT  \\$a8157$b40$c20160727$lBLL01$h1448
=CAT  \\$a11131$b40$c20160906$lBLL01$h1159
=CAT  \\$a7416$b40$c20170109$lBLL01$h1651
=CAT  \\$aBATCH-UPD$b40$c20170109$lBLL01$h1651
=CAT  \\$aBATCH-UPD$b40$c20170127$lBLL01$h1632
=CAT  \\$aW2302-0174$c20230223$lBLL01$h2010
=CAT  \\$aW2308-1659$c20230923$lBLL01$h1008
=FIN  \\$aY$d20160906
=FMT  \\$a  BK
=LAS  \\$aW2308-1659$b00$c20230923$lBLL01$h1008
=SRC  \\$aBLL02

