=LDR  03788 am a2200601 i 4500
=001  017945411
=003  Uk
=005  20160905112706.0
=008  151221t20152015dcua\\\\\b\\\\100\0\eng\d
=020  \\$a9780309378147$q(paperback)
=020  \\$a0309378141$q(paperback)
=020  \\$z9780309378154$q(electronic bk.)
=020  \\$z030937815X$q(electronic bk.)
=035  \\$a(OCoLC)933261050$z(OCoLC)933209660
=040  \\$aUNL$beng$cUNL$dOCLCO$dKSU$dYDXCP$dZCU$dOCLCQ$dCDX$dUk$erda
=042  \\$aukblderived
=043  \\$an-us---
=050  \4$aRC628$b.P49 2015
=060  \4$aWD 210
=082  04$a616.4$223
=111  2\$aPhysical Activity: Moving Toward Obesity Solutions (Workshop)$d(2015 :$cWashington, D.C.)$jauthor.
=245  10$aPhysical activity :$bmoving toward obesity solutions : workshop summary /$cLeslie Pray, rapporteur ; Roundtable on Obesity Solutions, Food and Nutrition Board, Institute of Medicine of the National Academies.
=246  30$aMoving toward obesity solutions
=264  \1$aWashington, D.C. :$bNational Academies Press,$c[2015]
=264  \4$c©2015
=300  \\$axiii, 181 pages :$billustrations ;$c23 cm
=336  \\$atext$btxt$2rdacontent
=337  \\$aunmediated$bn$2rdamedia
=338  \\$avolume$bnc$2rdacarrier
=500  \\$a"On April 14-15, 2015, the Institute of Medicine's (IOM's) Roundtable on Obesity Solutions held a 2-day workshop titled "Physical Activity: Moving Toward Obesity Solutions"--Page 1.
=504  \\$aIncludes bibliographical references (pages 133-143).
=505  0\$aIntroduction -- Physical activity and primary prevention of obesity in youth -- Physical activity and primary prevention of obesity in adults -- Physical activity-related and -- induced outcomes with overweight and obesity -- Policy strategies for promoting physical activity -- Community strategies for promoting physical activity -- Institutional strategies for promoting physical activity -- Implementation of strategies that promote physical activity.
=520  \\$a"In 2008, the U.S. federal government issued fully approved physical activity guidelines for the first time. The idea that physical activity impacts health can be traced as far back as Hippocrates, and the science around the linkages between physical activity and health has continuously accumulated. On April 14-15, 2015, the Institute of Medicine's Roundtable on Obesity Solutions held a 2-day workshop to explore the state of the science regarding the impact of physical activity in the prevention and treatment of overweight and obesity and to highlight innovative strategies for promoting physical activity across different segments of the population. This report summarizes the presentations and discussions from this workshop"--Publisher's description.
=530  \\$aAlso available via the World Wide Web.
=650  \0$aObesity$zUnited States$xPrevention$vCongresses.
=650  \0$aObesity$xPrevention$xNeeds assessment$zUnited States$vCongresses.
=650  12$aObesity$xprevention & control.
=651  \2$aUnited States.
=655  \2$aCongresses.
=700  1\$aPray, Leslie A.,$erapporteur.
=710  2\$aInstitute of Medicine (U.S.).$bRoundtable on Obesity Solutions,$ehost institution.
=710  2\$aInstitute of Medicine (U.S.).$bFood and Nutrition Board.
=852  11$aBritish Library$bSTI$k(B)$h616.4
=856  41$3National Academies Press$uhttp://www.nap.edu/openbook.php?isbn=0309378141
=CAT  \\$a8157$b40$c20160727$lBLL01$h1536
=CAT  \\$aBATCH-UPD$b40$c20160727$lBLL01$h1537
=CAT  \\$a10904$b40$c20160905$lBLL01$h1125
=CAT  \\$a10904$b40$c20160905$lBLL01$h1126
=CAT  \\$a10904$b40$c20160905$lBLL01$h1127
=FIN  \\$aY$d20160905
=FMT  \\$a  BK
=LAS  \\$a10904$b40$c20160905$lBLL01$h1127
=SID  \\$aZ39$bOCLC

