=LDR  02751cam a2200577 i 4500
=001  017945434
=003  Uk
=005  20160811164023.0
=008  150803s2015\\\\dcua\\\\\b\\\\000\0\eng\d
=010  \\$a2015948348
=015  \\$aGBB6B1494$2bnb
=020  \\$a9780309316941 (paperback)
=020  \\$a0309316944 (paperback)
=020  \\$z9780309316958 (ebook)
=035  \\$a(OCoLC)ocn907097138
=040  \\$aBTCTA$beng$cBTCTA$dYDXCP$dAZS$dWVU$dNRZ$dOCLCF$dNTD$dCDX$dITD$dOCLCQ$dOCLCO$dOCLCQ$dDLC$dUk$erda
=042  \\$aukblsr
=043  \\$an-us---
=050  00$aRC480$b.P784 2015
=060  \4$aWM 420
=082  04$a616.860651$223
=245  00$aPsychosocial interventions for mental and substance use disorders :$ba framework for establishing evidence-based standards /$cCommittee on Developing Evidence-Based Standards for Psychosocial Interventions for Mental Disorders, Board on Health Sciences Policy, Institute of Medicine of the National Academies ; Mary Jane England, Adrienne Stith Butler, Monica L. Gonzalez, editors.
=264  \1$aWashington, D.C. :$bThe National Academies Press,$c[2015]
=300  \\$axxxi, 176 pages :$billustrations (black and white, and colour) ;$c23 cm
=336  \\$atext$2rdacontent
=337  \\$aunmediated$2rdamedia
=338  \\$avolume$2rdacarrier
=504  \\$aIncludes bibliographical references.
=530  \\$aAlso available electronically.
=650  \0$aMental illness$xTreatment$zUnited States.
=650  \0$aSubstance abuse$xTreatment$zUnited States.
=650  \0$aMental health policy$zUnited States.
=650  \7$aMental health policy.$2fast$0(OCoLC)fst01016492
=650  \7$aMental illness$xTreatment.$2fast$0(OCoLC)fst01016606
=650  \7$aSubstance abuse$xTreatment.$2fast$0(OCoLC)fst01136830
=651  \7$aUnited States.$2fast$0(OCoLC)fst01204155
=700  1\$aEngland, Mary Jane,$d1938-$eeditor.
=700  1\$aButler, Adrienne Stith,$eeditor.
=700  1\$aGonzalez, Monica L.,$eeditor.
=710  2\$aInstitute of Medicine (U.S.).$bCommittee on Developing Evidence-Based Standards for Psychosocial Interventions for Mental Disorders.
=710  2\$aInstitute of Medicine (U.S.).$bBoard on Health Sciences Policy.
=776  08$tPsychosocial interventions for mental and substance use disorders.$w(OCoLC)908945194$dWashington, D.C. : National Academy Press, [2015]$z9780309316958
=852  11$aBritish Library$bSTI$k(B)$h616.860651
=856  41$3National Academies Press$uhttp://www.nap.edu/read/19013/chapter/1
=CAT  \\$a8157$b40$c20160727$lBLL01$h1553
=CAT  \\$a5751$b40$c20160811$lBLL01$h1640
=CAT  \\$aW2308-1659$c20230923$lBLL01$h1008
=FIN  \\$aY$d20160811
=FMT  \\$a  BK
=LAS  \\$aW2308-1659$b00$c20230923$lBLL01$h1008
=SRC  \\$aBLL02

