=LDR  04621cam a2200673 i 4500
=001  018480920
=003  Uk
=005  20170922105253.0
=008  170206s2016\\\\dcua\\\\\b\\\|1|0\0|eng\d
=010  \\$a  2016499289
=020  \\$a9780309370851
=020  \\$a030937085X
=024  7\$z10.17226/21703$2doi
=035  \\$a(OCoLC)ocn951214479
=040  \\$aNRC$beng$cNRC$dOCLCO$dUNL$dOCLCF$dYDXCP$dSOI$dYDX$dDLC$dUk$erda
=042  \\$aukblsr
=050  00$aRA565$b.P66 2016
=082  04$a362.196980072$223
=111  2\$aPrinciples and Obstacles for Sharing Data from Environmental Health Research (Workshop)$d(2014 :$cWashington, D.C.)
=245  10$aPrinciples and obstacles for sharing data from environmental health research :$bworkshop summary /$cRobert Pool and Erin Rusch, rapporteurs ; Roundtable on Environmental Health Sciences, Research, and Medicine, Board on Population Health and Public Health Practice, Health and Medicine Division, the National Academies of Sciences, Engineering, and Medicine.
=264  \1$aWashington, DC :$bThe National Academies Press,$c[2016]
=300  \\$axii, 101 pages :$billustrations (black and white, and colour) ;$c23 cm
=336  \\$atext$btxt$2rdacontent
=337  \\$aunmediated$bn$2rdamedia
=338  \\$avolume$bnc$2rdacarrier
=504  \\$aIncludes bibliographical references.
=505  0\$aIntroduction -- Current approaches and weaknesses of those approaches -- The benefits of data sharing -- Issues and challenges associated with data sharing -- Possible ways forward.
=520  \\$a"On March 19, 2014, the National Academies of Sciences, Engineering, and Medicine held a workshop on the topic of the sharing of data from environmental health research. Experts in the field of environmental health agree that there are benefits to sharing research data, but questions remain regarding how to effectively make these data available. The sharing of data derived from human subjects--making them both transparent and accessible to others--raises a host of ethical, scientific, and process questions that are not always present in other areas of science, such as physics, geology, or chemistry. The workshop participants explored key concerns, principles, and obstacles to the responsible sharing of data used in support of environmental health research and policy making while focusing on protecting the privacy of human subjects and addressing the concerns of the research community. Principles and Obstacles for Sharing Data from Environmental Health Research summarizes the presentations and discussions from the workshop"--Publisher's description.
=530  \\$aAlso available via the World Wide Web.
=650  \0$aEnvironmental health$xData processing$zUnited States$vCongresses.
=650  \0$aEnvironmental health$xResearch$zUnited States$vCongresses.
=650  \0$aMedical policy$zUnited States$vCongresses.
=650  12$aInformation Dissemination.
=650  22$aData Collection.
=650  22$aEnvironmental Health.
=650  22$aHealth Policy.
=650  22$aResearch.
=650  \7$aEnvironmental health$xData processing.$2fast$0(OCoLC)fst00913004
=650  \7$aEnvironmental health$xResearch.$2fast$0(OCoLC)fst00913030
=650  \7$aMedical policy.$2fast$0(OCoLC)fst01014505
=651  \2$aUnited States.
=690  7\$aSocial Welfare$2blcoll
=700  1\$aPool, Robert,$d1955-$erapporteur.
=700  1\$aRusch, Erin,$erapporteur.
=710  2\$aNational Academies of Sciences, Engineering, and Medicine (U.S.).$bRoundtable on Environmental Health Sciences, Research, and Medicine,$eissuing body.
=710  2\$aNational Academies of Sciences, Engineering, and Medicine (U.S.).$bBoard on Population Health and Public Health Practice,$eissuing body.
=710  2\$aNational Academies of Sciences, Engineering, and Medicine (U.S.).$bHealth and Medicine Division,$eissuing body.
=776  08$iOnline version:$aPool, Robert.$tPrinciples and obstacles for sharing data from environmental health research$w(OCoLC)949278630$dWashington, D.C. : National Academies Press, 2016
=852  11$aBritish Library$bSTI$k(B)$h362.196980072
=856  41$uhttp://www.nap.edu/openbook.php?isbn=030937085X$zConnect to this title online: http://www.nap.edu/openbook.php?isbn=030937085X
=CAT  \\$a11253$b40$c20170825$lBLL01$h0956
=CAT  \\$aBATCH-UPD$b40$c20170825$lBLL01$h0956
=CAT  \\$a8964$b40$c20170922$lBLL01$h1052
=CAT  \\$aBATCH-SWP$c20171006$lBLL01$h2218
=CAT  \\$aW2308-1659$c20230923$lBLL01$h0935
=FIN  \\$aY$d20170922
=FMT  \\$a  BK
=LAS  \\$aW2308-1659$b00$c20230923$lBLL01$h0935
=SRC  \\$aBLL02

