=LDR  05224 am a2200625 i 4500
=001  018356945
=003  Uk
=005  20170615094614.0
=008  170120s2016\\\\dcuab\\\\b\\\\100\0deng\d
=020  \\$a9780309450119$qpaperback
=020  \\$a030945011X$qpaperback
=024  7\$z10.17226/23654$2doi
=035  \\$a(OCoLC)969436894
=040  \\$aNRC$beng$cNRC$dKSU$dOCLCO$dNDD$dIXA$dOCLCA$dOCLCF$dSOI$dEUW$dOCL$dOCLCO$dZCU$dOCLCO$dYDX$dUk$erda
=042  \\$aukblsr
=050  \4$aR858.A2$bW67 2016
=050  \4$aR858.A2$bA47 2016
=082  04$a610.285$223
=100  1\$aAlper, Joe,$erapporteur.
=245  10$aBig Data and Analytics for Infectious Disease Research, Operations, and Policy :$bproceedings of a workshop /$cJoe Alper, rapporteur ; Forum on Microbial Threats, Board on Global Health, Health and Medicine Division, the National Academies of Sciences, Engineering, Medicine.
=264  \1$aWashington, DC :$bThe National Academies Press,$c[2016]
=300  \\$axvi, 81 pages :$billustrations (colour), maps (colour) ;$c23 cm
=336  \\$atext$2rdacontent
=337  \\$aunmediated$2rdamedia
=338  \\$avolume$2rdacarrier
=504  \\$aIncludes bibliographical references.
=505  0\$aIntroduction -- Big data and global health -- Opportunities and challenges for big data and analytics -- Case studies in big data and analysis -- Closing remarks and general discussion -- References -- Appendix A: Workshop agenda -- Appendix B: Biographical sketches of workshop speakers -- Appendix C: Statement of task.
=520  \\$a"With the amount of data in the world exploding, big data could generate significant value in the field of infectious disease. The increased use of social media provides an opportunity to improve public health surveillance systems and to develop predictive models. Advances in machine learning and crowdsourcing may also offer the possibility to gather information about disease dynamics, such as contact patterns and the impact of the social environment. New, rapid, point-of-care diagnostics may make it possible to capture not only diagnostic information but also other potentially epidemiologically relevant information in real time. With a wide range of data available for analysis, decision-making and policy-making processes could be improved. While there are many opportunities for big data to be used for infectious disease research, operations, and policy, many challenges remain before it is possible to capture the full potential of big data. In order to explore some of the opportunities and issues associated with the scientific, policy, and operational aspects of big data in relation to microbial threats and public health, the National Academies of Sciences, Engineering, and Medicine convened a workshop in May 2016. Participants discussed a range of topics including preventing, detecting, and responding to infectious disease threats using big data and related analytics; varieties of data (including demographic, geospatial, behavioral, syndromic, and laboratory) and their broader applications; means to improve their collection, processing, utility, and validation; and approaches that can be learned from other sectors to inform big data strategies for infectious disease research, operations, and policy. This publication summarizes the presentations and discussions from the workshop"--Publisher's description.
=530  \\$aAlso available electronically.
=650  \0$aMedical informatics$vCongresses.
=650  \0$aCommunicable diseases$xResearch$vCongresses.
=650  \0$aBig data$vCongresses.
=650  \0$aResearch$xMethodology$vCongresses.
=650  \7$aBig data.$2fast$0(OCoLC)fst01892965
=650  \7$aCommunicable diseases$xResearch.$2fast$0(OCoLC)fst00869917
=650  \7$aMedical informatics.$2fast$0(OCoLC)fst01014175
=650  \7$aResearch$xMethodology.$2fast$0(OCoLC)fst01095216
=650  \2$aMedical Informatics.$0(DNLM)D008490
=650  \2$aCommunicable Diseases.$0(DNLM)D003141
=650  \2$aData Mining.$0(DNLM)D057225
=655  \7$aConference papers and proceedings.$2fast$0(OCoLC)fst01423772
=710  2\$aNational Academies of Sciences, Engineering, and Medicine (U.S.).$bForum on Microbial Threats.
=710  2\$aNational Academies of Sciences, Engineering, and Medicine (U.S.).$bBoard on Global Health.
=710  2\$aNational Academies of Sciences, Engineering, and Medicine (U.S.).$bHealth and Medicine Division.
=711  2\$aWorkshop on Big Data and Analytics for Infectious Disease Research, Operations, and Policy$d(2016 :$cWashington, D.C.)
=776  08$iOnline version:$aAlper, Joe.$tBig data and analysis for infectious disease research, operations, and policy.$w(OCoLC)965755402$dWashington, DC : the National Academies Press, [2016]
=852  11$aBritish Library$bSTI$k(B)$h610.285
=856  41$uhttps://www.nap.edu/catalog/23654/big-data-and-analytics-for-infectious-disease-research-operations-and-policy$zConnect to resource
=CAT  \\$a11253$b40$c20170531$lBLL01$h0953
=CAT  \\$aBATCH-UPD$b40$c20170531$lBLL01$h0953
=CAT  \\$a5751$b40$c20170615$lBLL01$h0946
=FIN  \\$aY$d20170615
=FMT  \\$a  BK
=LAS  \\$a5751$b40$c20170615$lBLL01$h0946
=SID  \\$aZ39$bOCLC

