=LDR  03272cam a2200553 a 4500
=001  013638992
=003  Uk
=005  20070216112202.0
=008  060510s2006\\\\dcua\\\\\b\\\\001\0\eng\\
=010  \\$a  2006015626
=020  \\$a9780309100915 (hardback)
=020  \\$a0309100917 (hardback)
=020  \\$a030965646X (pdfs)
=035  \\$a(OCoLC)ocm68786779
=040  \\$aDLC$cDLC$dBAKER$dC#P$dKUT$dAGL$dCOU$dYDXCP$dVP@$dDLC$dUk
=042  \\$aukblsr
=050  00$aQP141$b.D75 2006
=070  0\$aQP141$b.D75 2006
=082  00$a612.3$222
=245  00$aDRI, dietary reference intakes :$bthe essential guide to nutrient requirements /$cJennifer J. Otten, Jennifer Pitzi Hellwig, Linda D. Meyers, editors.
=246  30$aDietary reference intakes
=260  \\$aWashington, D.C. :$bNational Academies Press,$c2006.
=300  \\$axiii, 543 p. :$bill. ;$c27 cm.
=336  \\$atext$2rdacontent
=337  \\$aunmediated$2rdamedia
=338  \\$avolume$2rdacarrier
=504  \\$aIncludes bibliographical references and index.
=505  0\$apt. I. Development and application -- Introduction to the Dietary Reference Intakes -- Applying the Dietary Reference Intakes -- pt. II. Energy, macronutrients, water, and physical activity -- Macronutrients, healthful diets, and physical activity -- Energy -- Physical activity -- Dietary carbohydrates : sugars and starches -- Fiber -- Dietary fat : total fat and fatty acids -- Cholesterol -- Protein and amino acids -- Water -- pt. III. Vitamins and minerals -- Vitamin A -- Vitamin B₆ -- Vitamin B₁₂ -- Biotin -- Vitamin C -- Carotenoids -- Choline -- Vitamin D -- Vitamin E -- Folate -- Vitamin K -- Niacin -- Pantothenic acid -- Riboflavin -- Thiamin -- Calcium -- Chromium -- Copper -- Fluoride -- Iodine -- Iron -- Magnesium -- Manganese -- Molybdenum -- Phosphorus -- Potassium -- Selenium -- Sodium and chloride -- Sulfate -- Zinc -- Arsenic, boron, nickel, silicon, and vanadium -- pt. IV. Appendixes: Acknowledgments ; Biographical sketches ; Methods ; Glossary and acronyms ; DRI values for indispensable amino acids by life stage and gender group ; Conversions ; Iron intakes and estimated percentiles of the distribution of iron requirements from the Continuing survey of food intakes by individuals (CSFII), 1994-1996 -- Standard deviation of requirements for nutrients with an EAR -- Estimates of within-subject variation in intake -- Summary tables, Dietary Reference Intakes.
=650  \0$aNutrition.
=650  \0$aNutrition$xEvaluation.
=650  \0$aReference values (Medicine)
=650  12$aNutritional Requirements.
=650  22$aDiet.
=650  22$aVitamins.
=650  22$aMinerals.
=650  22$aNutrition Assessment.
=650  22$aReference Values.
=700  1\$aOtten, Jennifer J.
=700  1\$aHellwig, Jennifer Pitzi.
=700  1\$aMeyers, Linda D.
=852  11$aBritish Library$bSTI$k(B)$h612.3
=856  41$uhttp://www.nap.edu/catalog/11537.html$zConnect to free selected chapters and references at publisher site.
=CAT  \\$a3563$b40$c20070109$lBLL01$h1441
=CAT  \\$a10883$b40$c20070216$lBLL01$h1122
=CAT  \\$aW2308-1659$c20230923$lBLL01$h1033
=FIN  \\$aY$d20070216
=FMT  \\$a  BK
=LAS  \\$aW2308-1659$b00$c20230923$lBLL01$h1033
=SRC  \\$aBLL02

