=LDR  02123cam a2200505 a 4500
=001  013718864
=003  Uk
=005  20080218115923.0
=008  060802s2006\\\\dcua\\\\\b\\\\000\0\eng\d
=010  \\$a  2006932128
=015  \\$aGBA819079$2bnb
=016  7\$a013718864$2Uk
=020  \\$a0309097223 (pbk.) :$cNo price
=020  \\$a0309652561 (PDF) :$cNo price
=035  \\$a(OCoLC)ocm73752600
=035  \\$a(OCoLC)73752600
=040  \\$aORU$beng$cORU$dDLC$dUk
=042  \\$aukblsr
=050  00$aQD455.3.G7$bV56 2006
=082  04$a542.8$222
=245  00$aVisualizing chemistry :$bthe progress and promise of advanced chemical imaging /$cCommittee on Revealing Chemistry through Advanced Chemical Imaging, Board on Chemical Sciences and Technology, Division on Earth and Life Studies, National Research Council of the National Academies.
=260  \\$aWashington, DC :$bNational Academies Press,$cc2006.
=300  \\$ax, 211 p. :$bill. (some col.) ;$c23 cm.
=336  \\$atext$2rdacontent
=337  \\$aunmediated$2rdamedia
=338  \\$avolume$2rdacarrier
=504  \\$aIncludes bibliographical references.
=530  \\$aAlso available via the Internet.
=650  \0$aImaging systems in chemistry.
=650  \0$aSpectrum analysis.
=710  2\$aNational Research Council (U.S.).$bCommittee on Revealing Chemistry through Advanced Chemical Imaging.
=710  2\$aNational Research Council (U.S.).$bBoard on Chemical Sciences and Technology.
=710  2\$aNational Research Council (U.S.).$bDivision on Earth and Life Studies.
=852  11$aBritish Library$bSTI$k(B)$h542.8
=856  41$uhttp://newton.nap.edu/openbook/0309097223/html/index.html$zConnect to Visualizing chemistry (online version)
=CAT  \\$a10982$b40$c20070420$lBLL01$h1513
=CAT  \\$aBATCH-UPD$b40$c20070420$lBLL01$h1514
=CAT  \\$a8250$b40$c20080218$lBLL01$h1158
=CAT  \\$a8250$b40$c20080218$lBLL01$h1159
=CAT  \\$aWR16_021$c20160617$lBLL01$h1817
=CAT  \\$aW2308-1659$c20230923$lBLL01$h1037
=FIN  \\$aY$d20080218
=FMT  \\$a  BK
=LAS  \\$aW2308-1659$b00$c20230923$lBLL01$h1037
=SRC  \\$aBLL02

