=LDR  02382cam a2200637 a 4500
=001  013718869
=003  Uk
=005  20080121091212.0
=008  060609s2006\\\\dcua\\\\\b\\\\000\0\eng\\
=010  \\$a  2006928950
=015  \\$aGBA807706$2bnb
=016  7\$a013718869$2Uk
=020  \\$a0309101697 (bk.) :$cNo price
=020  \\$a0309659523 (pdf) :$cNo price
=035  \\$a(OCoLC)ocm71792291
=035  \\$a(OCoLC)71792291
=040  \\$aEMM$cEMM$dORU$dDLC$dUk
=042  \\$aukblsr
=050  00$aRC775.A8$bI55 2006
=082  04$a615.92539224$222
=110  2\$aInstitute of Medicine (U.S.).$bCommittee on Asbestos: Selected Health Effects.
=245  10$aAsbestos :$bselected cancers /$cCommittee on Asbestos: Selected Health Effects, Board on Population Health and Public Health Practices, Institute of Medicine of the National Academies.
=260  \\$aWashington, D.C. :$bNational Academies Press,$cc2006.
=300  \\$axi, 327 p. :$bill. ;$c23 cm.
=336  \\$atext$2rdacontent
=337  \\$aunmediated$2rdamedia
=338  \\$avolume$2rdacarrier
=504  \\$aIncludes bibliographical references.
=530  \\$aAlso available via the World Wide Web.
=650  \0$aAsbestos$xPhysiological effect.
=650  \0$aCancer.
=650  \0$aCarcinogens.
=650  \0$aHealth risk assessment.
=650  \0$aEnvironmentally induced diseases.
=650  \0$aAsbestosis.
=650  \2$aAsbestos$xtoxicity.
=650  \2$aAsbestos$xadverse effects.
=650  \2$aCarcinogens.
=650  \2$aPharyngeal Neoplasms$xetiology.
=650  \2$aLaryngeal Neoplasms$xetiology.
=650  \2$aEsophageal Neoplasms$xetiology.
=650  \2$aStomach Neoplasms$xetiology.
=650  \2$aColorectal Neoplasms$xetiology.
=710  2\$aInstitute of Medicine (U.S.).$bBoard on Population Health and Public Health Practice.
=852  11$aBritish Library$bSTI$k(B)$h615.92539224
=856  41$uhttp://fermat.nap.edu/catalog/11665.html$zConnect to Abestos (online version)
=CAT  \\$a10982$b40$c20070420$lBLL01$h1518
=CAT  \\$aBATCH-UPD$b40$c20070420$lBLL01$h1519
=CAT  \\$a9671$b40$c20080121$lBLL01$h0911
=CAT  \\$a9671$b40$c20080121$lBLL01$h0912
=CAT  \\$aWR16_021$c20160617$lBLL01$h1817
=CAT  \\$aW2308-1659$c20230923$lBLL01$h1037
=FIN  \\$aY$d20080121
=FMT  \\$a  BK
=LAS  \\$aW2308-1659$b00$c20230923$lBLL01$h1037
=SRC  \\$aBLL02

