=LDR  02971 am a2200457 i 4500
=001  018556005
=003  Uk
=005  20171206132122.0
=008  170830s2017\\\\dcua\\\\\b\\\|0|0\0|eng\d
=020  \\$a9780309454124$qpaperback
=020  \\$a0309454123$qpaperback
=035  \\$a(OCoLC)1002282503
=040  \\$aHCW$beng$cHCW$dSOI$dYDX$dNRC$dOCLCQ$dOCLCF$dUk$erda
=042  \\$aukblsr
=050  \4$aQE527.5$b.V65 2017
=082  04$a551.21$223
=245  00$aVolcanic eruptions and their repose, unrest, precursors, and timing /$cCommittee on Improving Understanding of Volcanic Eruptions, Committee on Seismology and Geodynamics, Board on Earth Sciences and Resources, Division on Earth and Life Studies.
=264  \1$aWashington, DC :$bThe National Academies Press,$c[2017]
=264  \4$c©2017
=300  \\$axii, 122 pages :$billustrations (colour) ;$c28 cm
=336  \\$atext$btxt$2rdacontent
=337  \\$aunmediated$bn$2rdamedia
=338  \\$avolume$bnc$2rdacarrier
=500  \\$a"A consensus study report of The National Academies of Sciences, Engineering, Medicine."
=504  \\$aIncludes bibliographical references (pages 91-111).
=505  0\$aIntroduction -- How do volcanoes work? -- Forecasting eruptions -- How do Earth systems interact with eruptions? -- Strengthening volcano science -- Grand challenges in volcano science.
=520  \\$a"Volcanic eruptions are common, with more than 50 volcanic eruptions in the United States alone in the past 31 years. These eruptions can have devastating economic and social consequences, even at great distances from the volcano. Fortunately many eruptions are preceded by unrest that can be detected using ground, airborne, and spaceborne instruments. Data from these instruments, combined with basic understanding of how volcanoes work, form the basis for forecasting eruptions--where, when, how big, how long, and the consequences."--Publisher's Web site.
=650  \0$aVolcanic activity prediction.
=650  \7$aVolcanic activity prediction.$2fast$0(OCoLC)fst01168808
=710  2\$aNational Academies of Sciences, Engineering, and Medicine (U.S.).$bCommittee on Improving Understanding of Volcanic Eruptions,$econtributor.
=710  2\$aNational Academies of Sciences, Engineering, and Medicine (U.S.).$bCommittee on Seismology and Geodynamics,$econtributor.
=710  2\$aNational Academies of Sciences, Engineering, and Medicine (U.S.).$bBoard on Earth Sciences and Resources,$econtributor.
=710  2\$aNational Academies of Sciences, Engineering, and Medicine (U.S.).$bDivision on Earth and Life Studies,$econtributor.
=852  11$aBritish Library$bSTI$k(B)$h551.21
=856  42$uhttps://www.nap.edu/catalog/24650/volcanic-eruptions-and-their-repose-unrest-precursors-and-timing
=CAT  \\$a9518$b40$c20171017$lBLL01$h1424
=CAT  \\$a11014$b40$c20171206$lBLL01$h1321
=FIN  \\$aY$d20171206
=FMT  \\$a  BK
=LAS  \\$a11014$b40$c20171206$lBLL01$h1321
=SID  \\$aZ39$bOCLC

