=LDR  02202cam a2200493 a 4500
=001  013825331
=003  Uk
=005  20080527112324.0
=008  061229s2007\\\\dcuab\\\\b\\\\000\0\eng\d
=010  \\$a2006941054
=016  7\$a013825331$2Uk
=020  \\$a9780309103466 (pbk.)
=020  \\$a0309103460 (pbk.)
=020  \\$a9780309666510 (pdf.)
=020  \\$a0309666511 (pdf.)
=035  \\$a(OCoLC)ocn123002739
=040  \\$aAEF$cAEF$dBAKER$dGZM$dNTD$dDLC$dUk
=042  \\$aukblsr
=050  00$aTC330$b.M58 2007
=082  04$a551.457$222
=245  00$aMitigating shore erosion along sheltered coasts /$cCommittee on Mitigating Shore Erosion Along Sheltered Coasts, Ocean Studies Board, Division on Earth and Life Studies, National Research Council of the National Academies.
=260  \\$aWashington, D.C. :$bNational Academies Press,$cc2007.
=300  \\$axiii, 174 p. :$bill., 1 map ;$c23 cm.
=336  \\$atext$2rdacontent
=337  \\$aunmediated$2rdamedia
=338  \\$avolume$2rdacarrier
=504  \\$aIncludes bibliographical references.
=505  0\$aSummary -- 1. Introduction -- 2. Understanding erosion on sheltered shores -- 3. Methods for addressing erosion -- 4. MItigating efoeing sheltered shorelines : a trade-off in ecosystem services -- 5. The existing decision-making process for shoreline protection on sheltered coasts -- 6. A new management approach for sheltered shorelines -- References and bibliography -- Appendixes.
=650  \0$aShore protection.
=650  \0$aCoast changes.
=650  \0$aCoastal zone management$zUnited States.
=710  2\$aNational Research Council (U.S.).$bCommittee on Mitigating Shore Erosion Along Sheltered Coasts.
=852  11$aBritish Library$bSTI$k(B)$h551.457
=856  41$uhttp://www.nap.edu/books/0309103460/html/
=CAT  \\$a10982$b40$c20070822$lBLL01$h1327
=CAT  \\$aBATCH-UPD$b40$c20070822$lBLL01$h1327
=CAT  \\$a12327$b40$c20080520$lBLL01$h1124
=CAT  \\$a7000$b40$c20080527$lBLL01$h1123
=CAT  \\$aWR16_021$c20160618$lBLL01$h1805
=CAT  \\$aW2308-1659$c20230923$lBLL01$h1107
=FIN  \\$aY$d20080522
=FMT  \\$a  BK
=LAS  \\$aW2308-1659$b00$c20230923$lBLL01$h1107
=SRC  \\$aBLL02

