=LDR  02176 am a2200517 a 4500
=001  014758120
=003  Uk
=005  20090526155235.0
=008  080213s2008\\\\dcu\\\\\\b\\\\000\0\eng\c
=010  \\$a  2008923010
=015  \\$aGBA951203$2bnb
=016  7\$a014758120$2Uk
=020  \\$a9780309114189 (pbk.) :$cNo price
=020  \\$a0309114187 (pbk.) :$cNo price
=020  \\$a9780309114196 (PDF)$z9780309114195 :$cNo price
=035  \\$a(OCoLC)ocn198756398
=040  \\$aYDXCP$cYDXCP$dBTCTA$dBAKER$dNWQ$dDVP$dGZM$dIXA$dBWX$dAGL$dOKS$dDLC$dUk
=042  \\$aukblcatcopy
=050  00$aQK981$b.A34 2008
=070  0\$aQK981$b.A24 2008
=082  00$a572.862$222
=245  00$aAchievements of the National Plant Genome Initiative and new horizons in plant biology /$cCommittee on the National Plant Genome Initiative: Achievements and Future Directions, Board on Life Sciences, Board on Agriculture and Natural Resources, Division on Earth and Life Studies, National Research Council of the National Academies.
=260  \\$aWashington, D.C. :$bNational Academies Press,$cc2008.
=300  \\$axvi, 166 p. ;$c26 cm.
=336  \\$atext$2rdacontent
=337  \\$aunmediated$2rdamedia
=338  \\$avolume$2rdacarrier
=500  \\$aErrata slip inserted.
=504  \\$aIncludes bibliographical references (p. 115-120).
=530  \\$aAlso available online.
=610  20$aNational Plant Genome Initiative.
=650  \0$aPlant genomes.
=650  \0$aHuman-plant relationships.
=710  2\$aNational Research Council (U.S).$bCommittee on the National Plant Genome Initiative: Achievements and Future Directions.
=710  2\$aNational Research Council (U.S.).$bBoard on Agriculture and Natural Resources.
=852  11$aBritish Library$bSTI$k(B)$h572.862
=856  41$uhttp://www.nap.edu/books/0309114187/html/
=CAT  \\$a10982$b40$c20080920$lBLL01$h1030
=CAT  \\$a10982$b40$c20080920$lBLL01$h1031
=CAT  \\$a12323$b40$c20090522$lBLL01$h1044
=CAT  \\$a10812$b40$c20090526$lBLL01$h1552
=CAT  \\$aWR16_021$c20160622$lBLL01$h1807
=FIN  \\$aY$d20090526
=FMT  \\$a  BK
=LAS  \\$aWR16_021$b00$c20160622$lBLL01$h1807
=SRC  \\$aBLL02

